2294 3780
107 143 171 207 250
448 141 497 192 xi.
527 138 736 192 numanum

108 292 226 358 sufficit
242 291 381 376 principi
403 294 513 354 nostro
536 288 744 372 reipublicae
767 311 830 352 une
851 288 978 352 ratione
1001 309 1077 353 con·

108 379 220 442 sulere.
265 375 366 439 multa
388 375 507 458 pariter
534 374 721 458 aggreditur
743 376 853 456 pectus
883 373 980 436 nullis
1007 395 1077 437 um-

108 485 202 547 quem
216 461 377 524 laboribus
393 459 573 542 fatigatum.
603 462 639 521 ut
658 479 721 520 uno
744 457 915 539 eodemque
930 460 1078 540 tempore

109 552 141 611 et
164 548 368 629 componeret
389 543 615 606 fidissimarum
636 541 876 625 prouinciarum
898 545 1019 605 statum
1045 544 1079 605 et

82 631 289 695 sbarbariam
304 648 431 691 omnem
454 627 580 690 admoto
595 628 725 709 propius
740 629 860 689 terrore
876 625 1077 709 percelleret,

108 714 297 799 longissimo
335 733 428 775 cursu
463 710 611 774 Histrum
647 710 770 794 placuit
805 710 964 793 nauigari.
1015 732 1077 793 pro

108 803 220 863 sancta
234 796 401 861 diuinitas!
426 817 506 878 quae
526 795 745 878 nauigationis
767 794 854 858 illius
869 794 931 859 fuit
945 815 1077 878 pompa,

109 905 180 947 cum
213 880 423 944 dexteriorem
459 880 563 944 incliti
594 879 734 942 fluminis
770 878 875 962 ripam
910 879 1078 963 utriusque

109 988 211 1046 sexus,
236 965 379 1029 omnium
402 964 560 1045 ordinum,
584 966 779 1027 armatorum
795 966 889 1046 atque
904 964 1079 1028 inermium

71 1074 96 1111 10
109 1054 279 1136 perpetuus
308 1050 385 1112 ordo
407 1052 621 1132 praetexeret,
651 1048 865 1131 despiceretur
888 1047 925 1110 ad
950 1048 1079 1113 laeuam

109 1139 142 1199 in
169 1133 365 1198 miserabiles
392 1155 503 1216 preces
531 1154 618 1216 genu
645 1133 720 1195 nixa
747 1131 919 1196 barbaria?
964 1153 1078 1197 omnes

109 1221 202 1284 urbes
225 1240 305 1302 quae
327 1217 512 1281 Danuuium
539 1217 686 1281 incolunt
708 1216 828 1295 aditae,
857 1216 1000 1280 omnium
1023 1238 1079 1280 au-

109 1298 182 1368 uita
201 1303 344 1384 decreta,
374 1302 473 1365 leuati
500 1305 602 1365 status
629 1300 887 1384 instaurataeque
915 1301 1077 1385 fortunae,

108 1387 396 1452 innumerabilibus
415 1385 559 1449 barbaris
582 1385 657 1448 data
679 1385 773 1448 uenia
795 1388 827 1449 et
848 1407 964 1448 munus
985 1387 1077 1468 pacis

71 1493 96 1533 rt
109 1473 280 1536 indultum.
324 1471 379 1555 qui
401 1470 658 1554 properationem
685 1469 774 1533 illam
797 1470 1076 1553 contemplabitur,

108 1556 190 1620 nihil
212 1557 316 1640 egisse
339 1558 466 1638 praeter
491 1555 578 1631 uiam
600 1555 823 1637 imperatorem
845 1554 986 1636 putabit3
1022 1557 1078 1638 qui

109 1644 271 1725 gestarum
299 1660 405 1703 rerum
433 1637 671 1702 multitudinem
700 1638 930 1721 considerabit,
961 1659 1077 1722 prope·

108 1747 195 1788 rasse
216 1746 283 1787 non
305 1722 421 1786 credet.

172 1807 263 1871 VIII.
300 1806 503 1871 Ofaeundia
525 1809 640 1888 potens
664 1806 813 1871 Graecia!
842 1807 984 1871 omnium
1006 1809 1076 1871 tuo·

71 1913 96 1953 ao
109 1912 180 1954 rum
195 1891 376 1974 principum
390 1893 483 1974 gesta
504 1891 539 1953 in
554 1890 656 1953 maius
676 1893 827 1955 extollere
848 1891 915 1955 sola
930 1891 1075 1974 potuisti,

109 1975 178 2038 sola
206 1974 363 2038 factorum
389 1974 510 2058 glorias
540 1974 579 2036 ad
607 1975 776 2039 uerborum
805 1976 928 2058 copiam
955 1997 1076 2059 pepen-

109 2059 194 2124 disti.
222 2063 258 2123 tu
279 2080 395 2123 nauem
418 2081 517 2123 unam
532 2062 664 2142 propter
686 2061 791 2124 aurati
811 2059 938 2123 uelleris
953 2059 1075 2123 lurtum
1096 2126 1102 2135 ,

110 2149 142 2209 et
163 2144 298 2229 uirginis
320 2148 449 2227 raptum
477 2144 511 2206 in
535 2145 657 2207 eaelum
684 2165 784 2228 usque
812 2143 972 2208 sublatam
994 2143 1075 2208 side·

109 2229 197 2293 ribus
225 2229 427 2293 consecrasti.
471 2232 508 2292 tu
531 2249 679 2311 puerum,
709 2229 910 2293 inuentorem
937 2227 1074 2310 serendi,

71 2331 96 2372 aa
110 2314 284 2378 draconum
312 2313 423 2376 alitum
452 2333 547 2375 curru
574 2313 739 2377 uolantem
766 2313 889 2376 semina
916 2312 951 2376 in
972 2317 1077 2377 terras

109 2399 261 2480 sparsisse
284 2397 421 2463 iactasti.
450 2396 525 2479 quid
542 2399 578 2459 tu
600 2397 627 2459 si
650 2397 690 2463 ad
705 2397 890 2460 scribendas
913 2396 1076 2461 celebran-

110 2482 228 2565 dasque
250 2503 300 2544 res
321 2482 476 2563 principis
498 2481 601 2543 nostri
623 2482 766 2545 animum
787 2480 950 2563 adieceris
973 2481 1012 2544 de
1026 2480 1077 2545 Iu-

109 2565 190 2627 liani
212 2564 325 2628 lembis
340 2564 537 2645 liburnisque
558 2564 686 2629 factura
708 2565 766 2629 es?
789 2587 870 2648 quae
891 2586 957 2629 non
979 2565 1076 2629 modo

109 2647 192 2711 nihil
215 2649 363 2730 cuiquam
390 2647 535 2710 adimunt
563 2669 666 2732 neque
693 2651 788 2713 urbes
810 2649 954 2732 hospitas
975 2671 1077 2733 popu·

71 2733 194 2815 solent,
227 2731 282 2796 sed
306 2731 388 2794 ultro
414 2730 562 2794 omnibus
583 2734 709 2816 populis
736 2734 956 2798 immunitates
977 2735 1078 2817 priui-

110 2817 194 2901 legia
221 2816 375 2900 pecunias
401 2815 595 2899 largiuntur.
639 2839 702 2900 qua
730 2818 888 2902 dignitate
915 2817 1077 2883 describes

110 2901 243 2966 classem
271 2923 328 2984 per
354 2899 487 2964 maximi
506 2900 648 2964 fluminis
670 2905 807 2966 tractum
836 2901 931 2965 remis
956 2904 1077 2967 uentis·

109 3006 170 3068 que
191 2986 396 3068 uolitantem,
425 2988 494 3059 tum
516 2984 694 3069 prinoipem
715 2989 861 3052 nostrum
883 2986 947 3051 alta
968 3009 1077 3072 puppe

178 3238 341 3304 lpublicae
358 3240 440 3289 reiA
469 3237 479 3305 l
509 3242 673 3308 5pr0prius
692 3245 715 3291 A
732 3244 794 3301 BV,
823 3240 833 3307 ΙΙ
865 3247 896 3295 13
919 3245 1079 3296 instaurata

110 3321 178 3372 eque
197 3307 296 3372 (aeque
314 3304 342 3368 0)
360 3308 388 3355 Ι
416 3304 426 3371 ΙΙ
455 3309 488 3356 21
507 3307 542 3358 ad
560 3309 625 3359 fact.
645 3310 715 3375 glor.
734 3309 810 3363 uerb.
829 3326 887 3377 cop.
907 3312 1009 3363 tetend.
1026 3313 1080 3364 Pu·

109 3382 198 3426 tecnas
222 3374 226 3438 Ι
250 3373 407 3444 pependisti
424 3389 485 3440 ego:
508 3376 652 3429 tetendisti
669 3379 697 3426 1
713 3377 860 3427 intendisti
878 3381 1034 3432 Arntzem'us
1063 3378 1077 3446 Η

109 3444 142 3492 22
160 3440 190 3492 tir
205 3443 254 3493 isti
270 3443 321 3492 aue
338 3444 394 3492 una
410 3441 434 3490 Δ
456 3440 466 3508 ΙΙ
490 3444 523 3492 29
541 3444 707 3509 populantur
725 3459 749 3493 w
