2294 3780
100 158 161 222 102
396 160 447 211 nr.
483 160 536 210 cn.
560 160 770 210 tranianum

96 309 264 394 postulari,
286 313 323 373 ut
344 310 598 394 expectationem
621 308 776 373 sermonis
798 309 865 373 eius
886 330 980 392 quem
1001 308 1065 372 tuis

96 394 387 478 quinquennalibus
415 415 680 477 praeparaueram
710 392 771 457 hac
799 393 919 477 gemini
947 393 1065 457 natalis

95 478 335 561 praedicatione
350 498 554 561 compensem
570 481 602 542 et
617 477 744 542 dicendi
759 499 873 541 munus
889 477 972 560 quod
987 480 1065 541 tunc

96 563 165 626 uoti
193 562 404 646 promissione
438 583 641 645 susceperam
666 583 753 626 nunc
781 562 936 646 religione
965 560 1066 625 debiti

70 649 342 728 srepraeseutem.
386 668 538 710 noueram
565 648 688 725 autem,
724 645 936 709 sacratissime
965 646 1065 729 impe·

96 733 197 808 rator,
227 729 323 815 longe
351 730 437 794 infra
466 752 556 814 rpem
576 730 708 795 honoris
736 730 803 793 cius
834 751 927 812 quem
955 729 991 793 in
1014 751 1066 794 me

97 814 277 877 contulistis
301 815 399 898 (unde
422 816 509 878 enim
530 815 584 878 uel
605 818 732 878 tantam
754 813 903 877 fiduciam
925 815 989 877 mci
1011 835 1065 897 ge-

96 919 199 961 rerem
233 898 284 962 uel
318 902 385 962 tam
419 899 564 981 improbe
599 899 858 981 concupiscerem
889 901 925 960 ut
954 901 1065 981 optare

50 1016 53 1021 ·
96 980 175 1045 mihi
198 985 353 1065 quantum
380 983 497 1046 iudicio
525 985 632 1046 uestro
660 1004 730 1046 sum
759 985 946 1046 consecutus
972 981 1065 1046 aude·

59 1086 84 1125 10
96 1066 216 1148 remi),
240 1087 406 1148 noueram,
429 1069 576 1150 inquam,
599 1067 799 1149 potissimum
822 1070 859 1129 ut
880 1088 931 1129 me
953 1066 1066 1150 digna·

96 1151 183 1215 tione
207 1151 413 1234 quapridem
437 1152 581 1215 audieras
603 1172 711 1214 rursus
733 1150 875 1215 audires:
909 1150 1066 1232 siquidem

97 1238 175 1318 aput
206 1235 292 1299 tanti
324 1237 540 1319 praesentiam
583 1235 724 1298 numinis
757 1234 825 1302 hoc.
850 1234 953 1317 ipsum
987 1234 1066 1299 mihi

96 1320 270 1383 maximum
299 1319 424 1384 dicendi
452 1322 627 1404 praemium
655 1319 821 1382 uidebatur
843 1322 888 1381 ut
916 1319 1064 1382 dicerem.

97 1403 220 1488 gaudeo
243 1403 354 1488 igitur,
378 1405 406 1468 si
419 1405 468 1468 fas
491 1408 540 1468 est
555 1404 710 1486 confiteri,
735 1403 864 1466 dilatam
888 1423 955 1467 esse
975 1403 1065 1466 illam

59 1505 84 1547 rs
99 1488 305 1570 cupiditatem
327 1510 442 1553 meam.
476 1489 684 1571 nequeenim
705 1487 858 1551 orationis
879 1489 945 1550 eius
968 1507 1066 1569 quam

98 1591 337 1655 composueram
366 1572 449 1635 facio
477 1574 647 1654 iacturam3
685 1571 741 1634 sed
771 1593 842 1634 eam
873 1591 1001 1634 reseruo
1030 1575 1068 1635 ut

83 1655 314 1739 'quinquennio
343 1677 452 1719 rursus
475 1659 587 1719 exacto
616 1655 842 1719 decennalibus
865 1655 928 1718 tuis
951 1655 1064 1738 dicam,

98 1741 248 1822 quoniam
276 1739 403 1822 quidem
426 1741 532 1804 lustris
561 1739 707 1803 omnibus
729 1739 952 1822 praedicandis
983 1761 1067 1803 com-

98 1824 204 1887 munis
228 1824 331 1886 oratio
355 1827 411 1887 est.

59 1926 85 1965 so
161 1905 202 1970 ΙΙ.
253 1906 298 1970 nt
318 1907 477 1990 profecto,
506 1907 534 1970 si
556 1928 623 1970 nou
645 1928 757 1971 sensus
779 1929 866 1972 meos
889 1908 1066 1973 dicatorum

97 1990 188 2058 uobis
211 1991 333 2054 dierum
356 1991 501 2075 proxima
530 2013 673 2075 quaeque
701 1993 867 2057 ueneratio
895 1993 944 2057 sui
972 1994 1066 2057 maic-

97 2077 180 2140 state
208 2077 431 2159 praestrinxit,
469 2076 521 2141 hic
552 2077 631 2141 mihi
659 2077 725 2141 dics
757 2077 885 2158 uidetur
913 2077 1067 2141 illustrior

97 2161 263 2246 magisque
293 2161 499 2226 celebrandus
527 2162 635 2245 quite
657 2162 778 2245 primus
801 2163 936 2245 protulit
964 2163 998 2225 in
1020 2161 1066 2225 lu-

98 2266 176 2309 cem.
222 2246 339 2309 etenim
367 2246 430 2330 ipsi
456 2246 504 2310 illi
531 2247 599 2311 dies
628 2247 741 2331 quibus
770 2247 897 2329 imperii
924 2246 1066 2330 auspicia

59 2329 279 2413 assumpsistis
317 2330 359 2394 ob
392 2330 455 2395 hoc
493 2331 595 2395 sancti
628 2335 705 2396 suut
737 2352 774 2395 ac
808 2331 950 2416 religiosi
983 2331 1067 2414 quod

96 2414 177 2476 tales
201 2413 433 2478 declarauerint
447 2415 669 2499 imperatores:
693 2418 726 2479 at
749 2418 833 2480 certe
856 2417 988 2479 uirtutes
1011 2437 1065 2480 cas

97 2496 212 2579 quibus
241 2497 347 2579 ipsum
376 2499 498 2562 ornatis
525 2500 693 2581 imperium
722 2499 846 2583 gemini
871 2500 970 2563 uestri
991 2521 1066 2583 pro·

99 2600 245 2643 creauere
257 2582 390 2644 natales.
412 2603 491 2663 quos
505 2583 642 2664 quidem,
656 2585 869 2647 sacratissime
881 2585 1064 2667 imperator,

99 2663 248 2746 quotiens
269 2666 362 2728 annis
377 2665 580 2730 uoluentibus
596 2670 809 2750 reuertuntur,
832 2669 929 2731 uestri
945 2670 1067 2752 pariter

60 2766 85 2807 ao
99 2768 137 2812 ac
154 2752 333 2813 uestrorum
354 2749 523 2812 numinum
538 2751 716 2814 reuerentia
739 2753 887 2816 colimus:
910 2752 1067 2836 siquidem

98 2854 157 2897 uos
184 2833 232 2897 dis
260 2854 330 2897 esse
358 2833 484 2917 genitos
514 2838 546 2898 et
573 2835 755 2898 nominibus
781 2836 907 2918 quidem
938 2838 1065 2921 uestris,

166 3072 265 3119 ttunc
283 3086 329 3120 om.
349 3072 381 3119 W
402 3068 412 3136 ΙΙ
434 3072 597 3122 ducueram
614 3087 643 3137 ςε
662 3087 790 3123 nouorum
808 3076 835 3122 Π
855 3076 859 3139 Ι
880 3090 936 3125 sec.
955 3078 982 3122 Μ
1003 3073 1013 3140 ΙΙ
1036 3078 1068 3127 10

98 3150 226 3186 noueram
245 3152 274 3202 ςε
297 3152 427 3188 noueram
444 3139 471 3186 Π
500 3139 510 3204 ΙΙ
540 3142 572 3190 13
595 3140 744 3190 dicentib!
761 3141 836 3191 Bert.
867 3141 877 3207 ll
907 3145 939 3193 17
960 3139 1066 3209 rursus]

28 3208 34 3219 ‘
98 3208 146 3254 tuo
166 3207 182 3253 c
199 3201 210 3268 ΙΙ
231 3207 263 3253 22
281 3205 460 3269 praestrinxit
471 3207 618 3258 Liuineius:
637 3208 796 3272 perstrinxit
814 3208 888 3260 Bcrt.
906 3211 1069 3274 perstringit

98 3272 218 3329 ltdies
237 3288 283 3322 om.
304 3272 337 3319 W
355 3269 365 3336 ΙΙ
382 3274 415 3322 24
433 3273 486 3336 ipsi
504 3273 546 3324 illi
564 3275 644 3325 AW:
664 3273 706 3325 illi
724 3276 779 3340 ipsi
796 3274 907 3344 Bcvll
925 3280 957 3328 25
976 3294 1009 3328 ac
1027 3293 1068 3327 re-

97 3337 190 3403 ligiosi
209 3354 254 3388 cm.
268 3341 286 3386 0
302 3336 313 3402 ll
331 3341 364 3388 26
383 3343 414 3389 at
431 3342 578 3393 Acidalius:
597 3350 626 3392 et
643 3344 670 3391 lt
685 3340 690 3407 Ι
705 3343 822 3393 uirtutes
840 3359 885 3394 eas
902 3344 996 3396 Bertt
1014 3347 1069 3395 uir·

97 3410 143 3456 tus
162 3421 210 3456 eas
228 3407 251 3455 Α
268 3406 358 3456 uirtus
377 3421 424 3457 eos
441 3407 462 3455 B
479 3410 532 3456 cv
550 3410 669 3461 uirtutes
686 3424 711 3458 w
740 3408 750 3476 ΙΙ
779 3412 811 3461 at
830 3413 976 3474 geniumc
1000 3411 1011 3478 l
1034 3414 1068 3464 28

98 3488 153 3524 suc.
171 3473 198 3520 H
222 3470 232 3537 ll
256 3474 289 3523 29
307 3472 505 3525 uolentibusA
528 3474 538 3541 l
562 3480 593 3529 31
612 3477 769 3528 nominibus
788 3492 817 3544 gr
835 3480 991 3532 numinibus
1008 3482 1037 3530 1
