2294 3780
116 166 180 230 260
459 167 506 218 xi.
537 167 746 218 uauuaruu

117 339 187 401 que,
210 335 289 401 quos
310 317 401 400 quasi
423 337 442 380 a
459 318 620 381 consortio
641 315 774 380 humani
792 317 920 401 generis
942 318 1087 380 extorres

116 402 156 465 ab
178 403 312 485 utroque
339 423 416 466 sexu
444 405 501 465 aut
525 404 660 464 naturae
688 401 778 485 origo
807 405 863 464 aut
885 399 991 465 clades
1019 421 1088 465 cor·

116 486 204 569 poris
232 486 402 571 separauit.
446 485 492 549 ita
513 485 678 568 praeclara
705 485 762 548 illa
783 488 929 550 ueterum
952 485 1088 550 nomina

117 570 370 634 sordidissimum
399 590 556 652 quemque
589 591 627 633 ex
659 569 789 633 cohorte
815 570 1020 653 imperatoria
1054 572 1088 634 et

91 655 397 737 aprobrosissimum
430 653 612 717 adulabant.
657 652 706 733 hi,
741 675 813 717 cum
841 655 875 717 in
902 654 1088 737 prouincias

116 739 252 801 immissi
275 740 374 820 erant,
398 759 460 821 qua
479 758 570 802 sacra
592 758 655 820 qua
670 739 806 821 profana
822 738 1001 821 rapiebant,
1025 738 1089 803 iter

117 822 178 886 sibi
201 824 242 885 ad
264 822 467 886 consulatum
489 822 624 906 pecunia
645 823 836 887 munienter.

180 906 251 970 XX.
302 907 415 992 Itaque
442 907 567 970 nullum
593 907 658 970 iam
687 909 755 970 erat
781 908 941 971 bonarum
968 908 1087 973 artium

117 992 267 1055 studium.
313 991 447 1055 militiae
475 991 566 1055 labor
597 1013 616 1055 a
643 991 844 1056 nobilissimo
873 1012 998 1076 quoquc
1026 1014 1086 1077 pro

79 1103 104 1142 n
117 1075 243 1140 sordido
273 1080 304 1141 et
325 1075 476 1140 illiberali
497 1076 699 1140 reiciebatur.
745 1076 824 1139 iuris
852 1076 956 1140 ciuilis
984 1077 1088 1141 scien-

116 1161 171 1244 tia,
194 1182 273 1244 quae
295 1160 435 1225 Manlios
455 1159 625 1225 Scaeuolae
645 1159 772 1225 Seruios
794 1162 829 1224 in
852 1161 1088 1243 amplissimum

116 1246 253 1330 gradum
275 1245 443 1329 dignitatis
466 1245 581 1327 euertit,
603 1244 791 1309 libertorum
813 1245 984 1309 artificium
1003 1244 1087 1310 dice

116 1331 220 1394 batur.
250 1330 422 1393 oratoriam
445 1329 571 1394 dicendi
586 1329 774 1394 facultatem
796 1335 833 1394 at
853 1329 947 1394 multi
966 1329 1087 1394 laboris

117 1418 149 1478 et
163 1414 289 1477 minimi
311 1435 387 1478 usus
407 1415 574 1501 negotium
596 1415 699 1479 nostri
712 1435 862 1499 proceres
881 1415 1087 1499 respuebant,

78 1522 104 1563 15
117 1498 193 1562 dum
220 1499 366 1562 homiues
397 1499 538 1563 noluisse
571 1499 673 1563 uideri
702 1498 817 1562 uolunt
847 1498 931 1583 quod
960 1500 1087 1583 assequi

115 1584 339 1666 nequiuerunt.
383 1586 416 1647 et
443 1606 518 1649 uere
539 1588 666 1648 tantum
694 1582 812 1647 laboris
837 1582 1087 1667 uigiliarumque

116 1667 276 1752 suscipere
309 1668 349 1731 ad
377 1668 410 1731 id
439 1669 679 1752 adipiscendum
713 1668 801 1732 cuius
835 1689 911 1732 usus
940 1667 1087 1752 agendae

115 1751 202 1834 uitae
224 1756 414 1816 ornamenta
438 1775 506 1816 non
528 1753 695 1817 adiuuaret
716 1751 878 1817 dementia
899 1752 1085 1816 ducebatur.
1123 1790 1127 1795 ·

115 1835 224 1917 itaque
246 1855 341 1898 omne
364 1835 504 1900 studium
550 1837 681 1901 eeuniae
705 1836 951 1902 conseruandae.
991 1840 1086 1901 tanto

77 1944 103 1984 ao
117 1918 203 1981 enim
230 1919 362 2004 quisque
390 1920 440 1984 uir
468 1859 581 1984 melior
607 1924 726 2005 quanto
754 1921 960 2006 pecuniosior
987 1920 1085 1985 habe·

115 2003 219 2071 batur.
248 2005 311 2067 iam
329 2004 487 2069 seruiendi
508 2006 690 2069 miseranda
703 2006 871 2089 patientia,
895 2005 1086 2070 adsentandi

115 2088 196 2151 mira
231 2087 396 2154 calliditas.
444 2090 665 2154 ministrorum
698 2090 788 2154 aulae
823 2089 939 2155 cotidie
973 2088 1086 2154 limina

115 2173 310 2239 terebantur.
355 2173 501 2239 adfores
524 2197 634 2239 eorum
657 2174 830 2260 qui'regiis
854 2173 1085 2260 cupiditatibus

115 2257 298 2322 seruiebant
334 2260 460 2324 crebros
492 2260 645 2343 patriciae
673 2260 780 2344 gentis
814 2259 902 2323 uiros
939 2279 1085 2323 cerneres

76 2362 102 2402 as
115 2341 155 2404 ab
182 2340 362 2407 huiusmodi
391 2345 545 2409 dedecore
572 2365 637 2407 non
665 2344 775 2426 imbri,
804 2365 873 2408 non
898 2343 988 2442 gelu,
1017 2363 1084 2407 non

115 2427 326 2490 amaritudine
348 2429 448 2511 ipsius
471 2428 607 2492 iniuriae
629 2427 792 2493 deterreri.
826 2427 957 2492 demissi
978 2428 1084 2492 iacen-

113 2513 225 2592 tesque
258 2511 312 2573 uix
346 2513 454 2594 capita
487 2533 583 2576 sura
616 2534 725 2577 eorum
758 2533 836 2595 quos
869 2512 1085 2596 precabantur

114 2614 220 2740 {anua
247 2594 449 2659 attollebant.
494 2617 513 2659 a
555 2600 750 2678 postremum
779 2595 916 2660 honores
943 2617 1011 2660 non
1039 2596 1083 2659 iu-

135 2677 277 2825 iciobaut
298 2677 518 2743 beniuolentia
541 2681 763 2763 superborum,
787 2681 843 2746 sed
864 2680 1084 2745 misericordia

76 2782 200 2826 comere
224 2765 327 2826 autur.

116 2918 318 2929 nun—w·-

182 3022 197 3068 2
217 3018 310 3071 clades
329 3033 365 3068 w:
386 3018 471 3069 cladis
487 3021 516 3066 Π
532 3017 543 3083 ΙΙ
560 3023 575 3070 5
593 3020 786 3083 probissimum
805 3022 823 3068 0
840 3017 850 3085 ΙΙ
867 3021 882 3070 6
902 3036 957 3086 qua
969 3047 1003 3056 —
1015 3036 1071 3086 qua

115 3088 207 3134 omnia
224 3088 365 3136 -omnia
384 3099 408 3134 w
438 3084 448 3151 [1
479 3089 509 3137 11
528 3087 656 3138 manilios
673 3087 696 3137 Δ
714 3087 861 3138 malbosc
892 3086 902 3153 11
934 3090 965 3138 12
984 3103 1086 3139 enexa-

112 3153 151 3202 rIt
169 3154 186 3199 0
204 3159 337 3203 euexerat
354 3154 432 3215 edd!
452 3154 642 3205 libertinorum
660 3169 677 3221 ς
695 3158 753 3207 edd.
777 3153 787 3220 ΙΙ
812 3156 844 3206 13
861 3160 894 3205 ut
912 3171 974 3220 epo:
992 3172 1039 3208 om.
1057 3153 1086 3204 Π

115 3216 129 3283 ΙΙ
161 3220 193 3269 15
215 3219 335 3269 uoluisse
356 3222 384 3268 1
413 3218 423 3284 ΙΙ
459 3224 491 3272 19
513 3223 688 3287 partitaque
711 3237 736 3272 w
758 3224 818 3275 add.
842 3227 902 3273 erat
930 3220 942 3289 ΙΙ
974 3225 1006 3273 21
1031 3237 1085 3273 ser·

112 3285 243 3337 uieudum
261 3289 278 3335 0
299 3285 309 3353 ΙΙ
333 3290 366 3338 24
385 3288 495 3340 crebros
512 3291 620 3354 scripsi:
639 3297 734 3341 ternos
751 3293 779 3338 11
797 3304 891 3341 seruos
908 3294 950 3342 uel
967 3305 1084 3342 cernuos

112 3352 219 3418 Lipsius
230 3369 334 3420 pernox
340 3357 471 3407 Liuineius
483 3361 612 3408 externos
622 3355 776 3408 Sebencla'us
787 3358 910 3409 intectos
917 3360 1082 3410 Arotzem'us.

70 3468 72 3477 ,
112 3434 149 3470 aa
165 3422 293 3487 perdice?
323 3420 333 3489 ΙΙ
361 3425 395 3474 25
418 3440 453 3475 aa
475 3423 509 3474 ab
533 3425 739 3491 cuiusquemodi
757 3425 836 3475 ded?
865 3424 876 3491 ΙΙ
905 3428 938 3476 28
962 3439 1036 3490 genu
1057 3429 1085 3475 1

70 3482 89 3552 k
111 3500 206 3551 genua
223 3488 360 3542 tollebant
378 3492 438 3543 edd.
