2294 3780
236 153 493 208 CONSTANTINO
512 153 683 206 AUGUSTO
702 155 735 203 D.
755 155 864 207 14-16.
966 152 1031 216 225

66 306 129 369 tuis
152 304 284 387 distant,
306 304 341 367 in
358 303 504 386 proximo
527 303 634 366 saltim
655 302 795 365 iustitiae
816 301 919 385 gradu
940 323 1031 385 repo·

66 392 194 453 uantur.
237 387 381 451 Romano
408 386 544 470 quodam
572 385 713 450 inbelle
738 385 931 448 feruntduo
960 407 1031 449 cum

67 474 155 556 equis
181 472 312 535 iuuenes
340 471 482 535 extitisse
511 469 699 553 spectandos
721 470 824 533 forma
845 469 967 553 pariter
994 491 1032 533 ac

65 556 203 635 uiribus,
232 556 307 639 quia
333 556 369 618 in
391 554 573 618 dimicando
594 557 721 638 praeter
749 557 869 618 ceteros
891 554 1031 638 insignis

65 640 217 722 finissent,
246 642 333 703 iussu
361 639 561 722 imperatoris
589 638 628 701 ad
651 637 915 702 remunerandam
942 637 1057 701 indu-s

66 725 177 787 striarn
199 745 234 787 re
256 723 378 787 uisitos.
415 723 470 785 ubi
492 722 572 786 nulli
594 722 851 803 inueniebantur,
875 723 953 786 fides
976 721 1032 785 ha-

66 808 134 872 bita
162 813 211 871 est
235 745 365 871 diuinos
392 805 506 888 fuisse,
541 806 626 889 quod
656 827 728 870 cum
755 805 895 870 laborem
923 807 1032 871 sedulo

66 891 398 972 commonuissem,
420 889 539 954 laboris
554 891 689 973 pretium
712 892 917 973 respuissent.
947 892 1032 975 equi·

65 976 137 1039 dem
158 975 312 1039 historiae
333 995 400 1038 non
421 975 542 1037 inuitus
565 975 729 1038 assentior.
765 996 867 1058 neque
890 976 975 1038 enim
997 976 1032 1038 in

63 1060 126 1124 hoc
154 1059 222 1122 ueri
243 1057 467 1141 interpolatrix
488 1058 629 1122 tenenda
656 1079 736 1141 quae
765 1079 798 1121 se
825 1079 891 1121 non
913 1081 1031 1122 uanam
1045 1080 1071 1119 ιο

65 1143 269 1226 antiquitatis
295 1143 444 1205 nuntiam
466 1141 644 1224 pollicetur.
689 1143 743 1206 sed
765 1146 873 1205 tamen
900 1141 949 1205 illi
977 1146 1032 1226 qui

64 1226 125 1291 hoc
158 1226 323 1290 annalium
356 1226 562 1289 monimentis
596 1226 804 1310 illigauerunt
840 1226 1032 1290 uerebantur

64 1332 105 1375 ne
134 1315 214 1393 aput
234 1312 377 1392 posteros
404 1309 549 1373 miraculi
571 1309 649 1372 fides
672 1309 874 1374 claudicaret.
920 1313 1031 1391 estote,

64 1418 83 1458 ο
98 1394 283 1479 grauissimi
298 1397 452 1475 auctores,
476 1393 515 1457 de
533 1394 723 1476 scriptorum
744 1393 898 1477 religione
913 1394 1031 1457 securi:

64 1478 223 1543 credimus
244 1477 331 1542 facta
357 1478 413 1560 qui
433 1477 556 1540 maiora
583 1499 669 1541 nunc
695 1478 862 1541 sensimus.
907 1500 938 1540 m
982 1478 1030 1540 ni·
1045 1496 1071 1537 1⁵

61 1561 143 1626 tudo
161 1561 317 1645 principis
339 1561 443 1625 nostri
465 1562 565 1645 gestis
588 1569 732 1625 ueterum
754 1561 847 1626 fidem
872 1499 1031 1645 conciliat,

64 1647 120 1711 sed
134 1646 324 1710 miraculum
339 1642 488 1709 detrahit.
512 1666 570 1729 pro
591 1645 702 1709 auxilii
723 1647 815 1728 copia
830 1647 1031 1730 negotiorum

62 1730 147 1794 ratio
170 1729 332 1793 metienda
354 1732 411 1792 est.
441 1728 502 1793 duo
521 1730 683 1812 quondam
704 1731 846 1810 iuuenes,
870 1731 925 1794 sed
946 1753 1032 1795 nunc

64 1813 224 1877 exercitus
245 1813 317 1877 uisi.
348 1811 409 1876 hoc
433 1816 517 1876 certe
539 1813 667 1877 uberius
688 1836 748 1879 nee
771 1815 930 1879 infirmius
952 1816 1031 1880 ueri·

62 1901 142 1961 tate.
188 1899 253 1961 stat
280 1899 470 1981 argumento
497 1897 616 1979 duplici
643 1898 721 1963 fides
749 1900 840 1964 nixa:
878 1901 924 1965 sic
952 1899 1030 1965 Con·
1044 1922 1070 1961 so

63 1981 226 2045 stantinus
248 1981 352 2044 iuuari
373 1981 504 2059 meruit,
528 1982 574 2044 sic
596 1981 706 2045 debuit
727 1982 829 2047 Roma
851 1985 981 2047 seruari.

127 2063 218 2129 XVI.
264 2064 421 2148 Magnum
443 2063 519 2147 hoc,
542 2065 718 2147 imperator
740 2068 892 2147 maxime,
916 2067 970 2129 sed
993 2067 1033 2130 de

62 2152 120 2212 tna
135 2148 254 2231 pietate
276 2169 342 2212 non
356 2149 482 2212 mirum.
512 2148 622 2211 adesse
637 2148 697 2212 tibi
719 2149 754 2212 in
776 2149 925 2212 omnibus
948 2171 1032 2211 sum-

61 2253 149 2295 mam
172 2231 263 2295 illam
284 2233 484 2296 maiestatem
507 2253 586 2315 quae
605 2236 637 2295 te
661 2232 873 2315 circumplexa
894 2236 1030 2315 tueatur,

61 2316 250 2380 coniectura
264 2316 421 2380 mentium
431 2316 630 2399 tenebamus,
647 2316 707 2379 etsi
723 2316 867 2380 nondum
882 2316 921 2379 ad
935 2316 1030 2380 fidem
1043 2335 1069 2376 as

61 2399 196 2484 patebat
218 2400 391 2467 oculorum.
434 2401 552 2464 etenim
576 2422 648 2465 cum
668 2422 758 2464 mens
780 2404 836 2464 tua
857 2423 879 2466 a
900 2401 1029 2465 mortali

63 2484 259 2567 contagione
293 2486 428 2565 secreta,
465 2505 545 2566 pura
575 2484 694 2566 omnia,
731 2485 875 2549 funditus
905 2485 1031 2550 sincera

61 2566 181 2651 ubique
203 2588 237 2631 se
259 2567 468 2650 promerendo
491 2569 550 2631 deo
572 2572 729 2652 praestet,
759 2591 831 2633 cum
852 2570 955 2654 gloria
975 2575 1031 2634 tua

61 2650 240 2715 humanum
261 2651 389 2714 modum
410 2671 637 2736 superegressa
658 2654 715 2718 sit:
737 2655 792 2738 qui
815 2659 864 2719 est
888 2656 1030 2718 omnium

132 2858 148 2904 2
167 2855 236 2906 daos
248 2857 265 2904 0
278 2857 310 2904 W
327 2853 337 2920 ΙΙ
354 2860 370 2907 3
388 2856 555 2988 spectandos
570 2858 678 2920 scripsi:
697 2863 826 2921 spectant
839 2861 903 2907 osA
921 2866 1030 2924 specta·

61 2928 108 2973 tos
125 2922 255 2971 BGVW
272 2920 282 2986 ΙΙ
302 2925 319 2972 4
337 2924 401 2988 quia
433 2925 480 2987 qui
498 2923 573 2973 Bere.
593 2920 599 2986 Ι
619 2924 742 2987 insignes
760 2925 778 2972 0
794 2921 804 2988 ΙΙ
823 2926 838 2974 ὅ
856 2941 1030 2976 remuneran-

61 2990 141 3051 dum,
165 3005 212 3039 om,
231 2989 407 3052 industriam,
426 2993 443 3038 0
473 2989 483 3055 ΙΙ
514 2993 608 3040 lcum
625 2992 648 3038 Δ
664 2990 756 3043 Bere:
778 3008 826 3041 om.
843 2993 863 3040 B
881 2994 898 3041 0
917 2995 938 3040 V
954 2994 987 3042 W
1015 2992 1027 3059 Η

60 3059 78 3107 8
103 3056 348 3106 communicassent
364 3058 385 3106 B
402 3057 425 3104 V
441 3057 474 3105 W
509 3056 512 3116 Ι
541 3062 705 3122 respuerunt
722 3060 745 3106 Δ
774 3056 784 3122 ΙΙ
816 3062 847 3109 10
869 3061 1029 3125 interpella·

57 3124 152 3173 nixo
181 3120 191 3187 l
222 3124 254 3172 12
272 3122 459 3188 alligauerunt
476 3124 508 3171 W
526 3138 544 3172 u
573 3121 583 3189 ΙΙ
615 3126 646 3174 lt
669 3125 805 3176 credimus
822 3127 949 3192 Lanplua:
971 3143 1029 3178 cre·

59 3190 159 3240 damus
177 3192 205 3238 Π
233 3188 244 3254 ss
274 3193 306 3241 19
323 3189 391 3255 nisi]
409 3192 463 3240 nisi
479 3191 512 3239 W
529 3205 555 3238 m
578 3191 583 3253 Ι
609 3197 684 3241 certe
703 3191 749 3242 uel
767 3192 877 3244 uberius
895 3195 981 3257 Bert.‚
1000 3200 1029 3245 et

59 3259 137 3308 uber.
155 3258 287 3308 Liuineius
316 3256 326 3323 ΙΙ
355 3260 388 3308 20
407 3259 485 3308 satt'
515 3255 524 3322 Ι]
554 3260 587 3308 24
606 3259 789 3324 circumplexa
808 3262 953 3313 Liuineius:
977 3264 1028 3311 cir·

60 3324 197 3376 eumflexa
214 3327 242 3373 Π
265 3323 275 3390 ΙΙ
298 3327 331 3376 25
349 3326 534 3375 coniecturam
550 3325 578 3371 Π
602 3323 613 3390 ΙΙ
636 3327 668 3375 26
686 3342 704 3376 a
720 3329 824 3377 addidi:
846 3344 892 3378 om.
910 3330 938 3376 1
961 3325 971 3392 ΙΙ
995 3330 1028 3377 29

57 3405 255 3458 superegressus
271 3395 306 3441 A:
334 3406 514 3458 supergressa
535 3393 556 3441 B
574 3394 591 3439 0
610 3393 632 3440 V
649 3393 682 3441 W
703 3409 813 3459 egressa
834 3394 909 3447 Bert.
934 3392 939 3460 1
966 3395 1028 3458 quis

58 3467 105 3511 cst
122 3461 182 3510 edd.
203 3458 208 3523 Ι
235 3461 353 3509 omnium
370 3462 404 3508 A:
423 3459 560 3509 hominum
577 3461 599 3509 B
617 3461 635 3507 0
653 3462 674 3509 V
692 3462 724 3509 W

107 3550 197 3588 Panno.
212 3559 267 3590 nnn.
844 3546 882 3592 ts
