2294 3780
247 171 503 225 CONSTANTINO
521 174 693 225 AUGUSTO
712 177 746 225 D.
765 177 874 227 18-22.
980 176 1043 241 229

72 323 133 405 ira,
155 320 216 384 hos
238 322 414 402 miseratio,
443 321 515 385 illos
538 324 702 408 signorum
725 328 848 408 cantus,
870 324 929 389 hos
951 328 1042 408 pueri

73 405 206 491 uagitus
228 405 425 485 accenderet,
449 410 572 470 mutata
594 412 643 471 est
664 408 746 472 ratio
770 410 968 474 certaminis:
1000 411 1043 472 ui-

74 494 191 555 cerunt
204 489 260 572 qui
281 510 387 554 amore
402 490 601 574 pugnabant.
630 495 750 574 quanto
767 493 867 577 igitur
889 497 938 557 est
955 515 1044 557 amor

74 573 201 638 fidelior
215 574 339 654 accepti
347 573 494 638 beneficii
509 576 662 638 memoria
677 598 773 659 quam
784 579 1043 664 praesumptione

73 658 194 740 futuri,
221 657 306 740 qnod
327 657 394 722 illic
415 663 568 742 percepta
594 681 645 723 res
667 661 771 739 iuuat,
800 660 853 725 hio
876 666 1069 745 expectata⁶

76 741 257 807 blanditur:
295 745 387 806 tanto
424 743 472 805 tui
508 743 683 807 animosius
719 744 953 810 dimicauerunt
989 747 1043 844 qui

74 845 144 889 non
163 846 262 909 puero
285 846 375 909 spem
397 827 521 910 gratiae
542 829 804 906 munerabantur,
828 831 883 894 sed
905 831 1044 914 princ1pi

76 915 162 1057 postd
172 913 265 1057 rpptoa
287 909 433 974 homines
450 910 681 994 benignissimo
703 913 810 977 meriti
832 915 973 979 debitum
997 937 1045 979 re·

100 1015 182 1058 ene
205 997 272 1057 ant.

75 1016 99 1078 p
141 1076 231 1142 XXI.
285 1077 425 1142 Primam
461 1078 561 1142 iitur
593 1078 832 1163 segusiensium
869 1082 1041 1164 ciuitatem,
1057 1102 1082 1143 ro

77 1183 175 1246 quam
189 1162 368 1245 proximam
390 1163 452 1226 iter
467 1100 606 1245 dederat,
629 1164 765 1226 uictoria
779 1164 883 1227 facilis
898 1165 1044 1249 amplexa

77 1251 137 1310 est
171 1267 253 1330 quae
274 1246 446 1310 resistendi
467 1247 645 1330 pertinacia
666 1248 713 1310 ita
733 1249 768 1310 in
788 1269 821 1311 se
843 1249 1044 1330 imperatoris

76 1331 144 1394 nim
173 1331 332 1394 conuertit
363 1334 400 1393 ut
425 1330 577 1414 pietatem
604 1335 712 1394 tamen
745 1352 812 1395 nou
846 1332 1041 1395 alienauerit.

75 1436 153 1478 nam
182 1434 253 1478 cum
276 1413 427 1478 introitus
454 1415 487 1478 ui
509 1436 667 1499 manuque
689 1419 893 1499 quaereretur
920 1420 953 1479 et
973 1436 1044 1498 por-

75 1502 185 1561 tarum
206 1498 415 1563 inflammatio
437 1498 547 1583 ignem
569 1499 632 1562 late
647 1499 833 1582 distulisset,
856 1500 945 1564 cuius
966 1499 1043 1563 faci·
1058 1517 1083 1559 ro

76 1582 118 1646 lis
139 1603 199 1665 per
220 1582 368 1647 adiuncta
389 1584 540 1668 contagio
559 1587 654 1667 pastu
676 1584 828 1666 pestifero
850 1583 1044 1665 calescebat,

77 1666 218 1730 maxima
251 1666 476 1751 benignissimi
512 1667 712 1750 imperatoris
748 1668 811 1731 fuit
847 1690 937 1749 cura,
977 1689 1045 1731 non

77 1750 175 1814 modo
207 1753 244 1813 ut
269 1751 454 1815 incendium
486 1773 552 1815 non
582 1751 725 1815 adiutum
757 1755 951 1834 senesceret,
989 1750 1045 1814 sed

78 1855 267 1931 oppressum
291 1835 390 1898 emori
406 1838 529 1919 posset3
552 1839 584 1900 et
606 1836 703 1920 longe
725 1838 887 1920 operosior
909 1837 1045 1900 clemen-

77 1919 125 1982 tia
147 1938 215 1981 erus
242 1938 336 2001 quam
358 1918 513 1983 fortitudo
535 1924 703 2003 perspecta
728 1926 790 2002 est,
822 1943 893 1985 cunr
915 1920 987 2004 plus
1010 1920 1045 1983 in
1058 1939 1083 1978 n

79 2002 299 2066 conseruando
325 2002 402 2066 urbe
430 2025 526 2086 quam
553 2004 588 2066 in
616 2004 770 2086 capienda
796 2005 902 2068 fuerat
929 2003 1045 2067 laboris

78 2089 231 2150 oreretur.
274 2087 383 2170 itaque
411 2086 592 2172 digrediens
627 2087 674 2149 sic
707 2087 870 2150 ciuitatem
897 2087 1045 2169 cupidam

77 2171 129 2234 sui
150 2171 229 2234 fecit
250 2173 285 2234 ut
309 2192 380 2235 eam
408 2170 448 2233 ad
470 2192 564 2235 omne
591 2170 777 2253 obsequium
804 2192 868 2234 non
892 2170 1045 2233 uictoriae

78 2256 186 2318 metus
209 2259 427 2403 componeret,
450 2255 505 2318 sed
528 2255 695 2318 admiratio
717 2254 872 2317 lenitatis.

142 2337 248 2402 XXII.
306 2339 408 2422 ptima
429 2360 498 2402 esse
520 2340 611 2403 aiunt
632 2338 772 2402 remedia
794 2359 873 2420 quae
895 2335 934 2399 ad
952 2357 1045 2399 usum
1059 2354 1085 2396 aa

78 2422 262 2507 corrigendi
294 2424 396 2487 nostri
429 2443 468 2486 ex
501 2425 606 2487 aliena
640 2422 821 2487 calamitate
854 2423 1046 2504 nascuntur,

77 2526 192 2571 uerum
221 2507 346 2570 animus
368 2508 528 2590 prauitate
556 2508 644 2572 uelut
671 2506 781 2570 morbo
802 2506 976 2590 impeditus
1000 2504 1047 2567 di·

78 2589 197 2654 lectum
226 2590 303 2654 boni
336 2612 404 2655 non
432 2590 538 2655 habet.
590 2613 663 2656 ecce
689 2592 754 2655 iam
784 2594 862 2655 aut
890 2590 1047 2654 Taurinos

77 2675 263 2738 uenientem
278 2695 388 2759 pugna
403 2677 533 2758 grauior
548 2680 707 2760 expectat,
730 2697 790 2740 nec
803 2614 1046 2761 degustensium

78 2759 217 2824 uastitas
250 2764 359 2823 monet
392 2765 428 2823 ut
454 2760 516 2823 sibi
545 2764 692 2841 caueant,
724 2781 785 2823 nec
813 2760 958 2843 cogitant
985 2778 1047 2840 quo
1060 2773 1085 2814 ³0

79 2863 153 2907 oum
181 2843 326 2926 principe
353 2865 403 2907 res
430 2844 541 2907 sutura
569 2844 626 2923 sit,
661 2843 745 2926 quod
773 2864 877 2925 neque
904 2842 953 2904 uis
980 2842 1047 2904 eius

79 2926 252 2990 resistendi
289 2949 378 3010 spem
408 2927 508 2991 faciat
542 2948 601 2991 nec
634 2927 843 2990 mansuetudo
878 2925 1045 2988 rationem.

148 3080 405 3130 2aoeenderentV
434 3079 444 3146 fl
474 3083 489 3131 7
511 3082 691 3132 munerabant
708 3083 742 3130 W
760 3081 1008 3130 numerabanturd
1034 3076 1047 3144 ll

78 3147 294 3198 8bominesw:
313 3147 477 3198 hominist(
506 3146 516 3213 ΙΙ
547 3151 576 3198 11
597 3165 651 3213 qua
669 3149 714 3208 ΔΙ
740 3148 892 3212 proximam
909 3162 970 3211 epo:
993 3147 1048 3212 pri·

78 3230 152 3264 mam
169 3213 225 3279 111
248 3217 279 3264 14
295 3230 431 3281 manuque
449 3216 616 3265 Ριιὺιιαηπιιεε
636 3231 717 3265 manu
734 3216 761 3263 ll
779 3213 789 3279 Ι
811 3216 842 3265 15
862 3214 1007 3265 detulisset
1024 3227 1050 3263 v

82 3280 96 3347 ΙΙ
126 3283 158 3331 16
175 3287 257 3347 pastu
274 3283 393 3332 duretur:
416 3289 498 3347 partu
515 3285 543 3330 Η
572 3281 582 3346 ΙΙ
614 3285 645 3334 18
664 3299 717 3332 non
735 3283 821 3332 intum
840 3282 873 3330 W
901 3280 911 3346 ΙΙ
940 3284 973 3330 22
992 3295 1049 3330 ore·

79 3355 158 3399 retur
175 3364 237 3414 epo:
255 3355 380 3398 ororetur
396 3349 420 3398 A
437 3351 554 3400 oriretur
571 3357 629 3400 cete.
657 3351 661 3414 Ι
688 3349 845 3412 disgredd
872 3352 876 3408 Ι
904 3349 1050 3398 ciuitatem

78 3418 102 3466 B
119 3429 158 3466 w:
178 3415 357 3480 cupiditatem
373 3417 400 3465 H
423 3414 434 3481 fl
457 3419 491 3467 25
509 3418 588 3466 aiunt
606 3432 666 3467 esse
685 3419 702 3465 (1
723 3414 733 3480 ΙΙ
754 3419 788 3466 26
805 3415 971 3465 calaminate
988 3416 1010 3462 Δ
1034 3410 1046 3477 Η

79 3486 114 3534 29
132 3485 273 3548 segusium
291 3485 319 3531 Ι
341 3482 352 3547 ll
375 3486 409 3534 30
426 3489 517 3534 monet
535 3487 553 3532 (1
568 3484 572 3548 Ι
589 3499 641 3549 quo
659 3484 804 3533 Liuineius:
824 3482 895 3546 quod
912 3484 940 3529 Η
