2294 3780
255 171 506 225 CONSTANTINO
525 173 695 226 accusso
713 175 747 227 Ι).
771 178 878 227 15-17.
990 177 1051 241 113

79 326 131 407 te,
158 321 385 404 Constantine,
414 323 561 388 omnibus
582 323 765 390 hominibus
788 328 836 390 est
858 326 943 391 facta
965 347 1052 392 corn-

81 407 201 492 munis,
223 428 284 472 nec
305 408 410 472 solum
431 407 482 472 his
505 429 583 492 quos
605 409 687 473 ratio
709 408 884 474 litterariae
907 411 992 476 uitae
1014 431 1052 477 ao

82 493 174 576 quies
197 492 372 578 mitigauit,
394 492 451 556 aed
473 492 570 557 etiam
586 493 640 558 ille
662 494 849 560 militarium
872 495 965 559 ardor
985 496 1052 560 ani-

82 598 211 641 morum
233 598 283 642 res
307 580 379 641 ectu
396 577 445 641 tui
466 576 556 642 lucra
577 579 779 663 contempsit.
812 579 933 644 fuerint
953 581 1052 665 aliqui

83 662 244 726 exercitus
301 662 433 726 acritate
455 683 492 726 ac
514 662 635 727 uiribus
656 663 721 728 tuis
743 665 880 731 similes:
915 665 975 729 tibi
995 665 1077 730 unis

85 747 225 831 contigit
257 745 377 811 habere
409 748 584 812 exercitum
618 748 806 832 sapientem.
851 749 946 814 multi
977 750 1053 814 olim

84 831 179 916 praui
201 831 312 911 ducac,
336 834 474 896 certasse
496 831 592 896 armis
614 833 770 916 impares,
795 835 966 918 largitione
989 856 1053 899 cer-

83 918 210 982 tarunt:
233 915 289 980 sed
310 915 417 981 breuis
440 937 546 981 eorum
569 916 633 980 fuit
654 920 687 981 et
709 916 828 983 caduca
846 919 1053 1002 popularitas,

83 1022 165 1085 quos
186 1000 282 1065 facile
303 1000 383 1065 uicit
405 1001 548 1085 quisquis
570 1001 748 1066 aemulatus
770 1007 828 1067 est.
858 1002 912 1068 hic
933 1004 1053 1087 firmus,

83 1085 140 1150 hic
162 1089 310 1150 aeternus
332 1088 381 1149 est
402 1085 449 1149 rei
464 1085 609 1169 publicae
632 1089 738 1150 custos
761 1108 855 1170 quem
870 1088 974 1171 ipsum
996 1109 1054 1171 per
1067 1110 1091 1149 a

83 1191 121 1234 se
142 1170 260 1235 milites
283 1172 402 1252 amant,
425 1170 475 1234 cui
496 1191 563 1234 non
578 1169 740 1235 eblandita
762 1193 822 1236 nec
837 1170 968 1235 uendite
991 1194 1054 1237 ser-

83 1254 136 1319 uit
157 1254 312 1337 adulatio,
344 1253 400 1319 sed
428 1254 563 1338 simplex
592 1257 624 1318 et
645 1253 768 1319 sincera
791 1254 926 1324 deuotio.
972 1256 1055 1320 dona

85 1343 155 1422 tua,
179 1338 402 1421 Constantine,
424 1339 596 1403 manifeste
611 1341 686 1403 sunt
700 1342 794 1424 grata
810 1339 976 1422 militibus,
999 1339 1055 1404 sed

84 1424 148 1488 boc
174 1424 319 1509 gratiora
346 1423 430 1507 quod
452 1427 507 1487 tua
534 1426 617 1488 sunt.
662 1444 878 1508 quaecumque
904 1425 1054 1508 porrigis,

85 1530 186 1574 manu
200 1511 256 1573 tua
277 1507 360 1573 fiunt
381 1509 570 1592 acceptiora.
599 1529 694 1592 quarn
715 1529 810 1573 nemo
825 1513 931 1573 tecum
948 1512 1055 1593 potest
1068 1529 1093 1571 rs
1118 1528 1120 1533 ·

84 1594 150 1657 hac
177 1593 349 1658 ambitione
377 1592 586 1658 contendere!
631 1593 847 1676 insuperabile
875 1615 978 1678 genus
1007 1598 1056 1658 est

86 1677 281 1764 largitionis,
306 1699 378 1743 cum
400 1678 469 1761 ipse
483 1677 578 1741 militi
600 1679 777 1761 praemium
799 1682 849 1743 est
870 1679 1053 1762 imperator.

84 1763 198 1847 itaque
213 1762 328 1827 tribuis
346 1766 383 1826 tu
398 1761 526 1845 quidem
550 1763 741 1828 exercitibus
755 1764 819 1828 tuis
843 1763 940 1828 etiam
961 1764 1055 1848 plura

86 1868 187 1931 quam
214 1847 359 1932 cupiunt,
389 1846 443 1911 sed
466 1850 555 1911 tuum
583 1852 616 1911 te
643 1849 746 1934 magis
773 1870 908 1931 nomen,
937 1852 994 1913 tua
1016 1848 1055 1912 de

85 1931 242 1997 memoria
269 1933 371 2014 patris
399 1931 589 2015 auctoritas,
622 1934 678 1997 tua
705 1934 821 1998 aetatis
848 1933 968 2019 gratia,
999 1937 1095 1997 tuaac

86 2016 164 2081 deni
187 2037 225 2080 ue
247 2016 310 2080 ista
330 2016 522 2080 uenerabilis
544 2015 647 2080 forma
670 2017 881 2082 commendat.

185 2099 257 2166 VII.
294 2099 445 2165 Pulcrum
468 2100 564 2184 enim,
587 2100 619 2165 di
641 2101 728 2183 boni,
752 2105 784 2165 et
805 2102 941 2164 caeleste
963 2100 1056 2163 mira-

87 2184 196 2251 culum
224 2185 399 2269 imperatcr
425 2185 627 2268 adulescens,
657 2185 691 2248 in
714 2205 775 2268 quc
799 2184 856 2249 illa
884 2205 965 2268 quae
992 2183 1057 2248 iam

88 2291 216 2335 summa
244 2275 293 2334 est
320 2270 474 2334 fortitudo
503 2268 607 2333 adhuc
634 2272 742 2333 tamen
771 2269 898 2351 crescit,
932 2267 966 2330 in
994 2288 1056 2350 quo

89 2354 144 2420 hic
177 2354 286 2438 fulgor
319 2354 499 2436 oculorum,
537 2353 616 2418 haec
650 2353 834 2417 ueneranda
868 2351 990 2436 pariter
1026 2354 1058 2416 et
1071 2371 1096 2413 aa

89 2443 186 2524 grata
206 2439 356 2503 maiestas
371 2439 582 2524 praestringit
601 2437 696 2502 simul
718 2443 750 2503 et
764 2437 881 2502 inuitat
899 2439 1057 2521 aspectus.

89 2524 191 2589 talem
205 2523 367 2588 Macetum
389 2524 480 2587 illum
496 2544 614 2608 regem,
636 2523 733 2588 talem
749 2522 937 2588 Thessalum
953 2522 1058 2587 uirum

164 2766 177 2814 1
202 2763 305 2824 omnib3
323 2762 458 2814 hominib:
476 2766 585 2828 scripsi:
609 2764 683 2813 omni
700 2762 802 2815 homini
819 2764 852 2810 w
875 2763 993 2812 omnium
1012 2763 1059 2811 bo·

91 2833 197 2882 minum
214 2834 237 2881 A
254 2832 274 2880 B
292 2833 309 2880 0
328 2831 350 2879 V
370 2828 380 2895 ΙΙ
402 2832 418 2880 2
435 2830 480 2880 his
497 2833 528 2881 V:
547 2832 601 2881 hiis
619 2833 647 2878 Η
664 2831 704 2880 hii
720 2844 746 2879 w
762 2830 792 2879 hi
808 2832 867 2880 edd.
883 2829 887 2895 Ι
902 2829 1059 2879 litterariae

93 2912 134 2947 w:
150 2899 260 2952 litterae
277 2899 304 2946 At
320 2894 324 2960 Ι
339 2899 416 2950 uitae
434 2914 466 2948 ac
482 2901 592 2962 scripsi:
609 2898 686 2949 uitae
698 2899 725 2946 Η
742 2896 752 2962 ΙΙ
773 2900 789 2949 3
807 2898 941 2962 quiesque
958 2909 984 2944 w
1002 2897 1060 2946 edri.

98 2963 113 3032 ΙΙ
134 2966 282 3016 dicerunt
299 2968 332 3014 W
353 2965 363 3031 ΙΙ
385 2969 401 3017 6
418 2966 473 3015 tuis
492 2980 520 3030 g:
538 2967 579 3014 tui
595 2967 624 3013 Ι
641 2970 688 3016 tuo
707 2967 766 3016 edri.
785 2962 796 3029 ll
816 2966 831 3014 6
849 2964 951 3015 habere
969 2979 1060 3015 exerc.

94 3033 181 3084 au:
201 3049 292 3085 exerc.
311 3035 413 3086 habere
429 3033 450 3080 B
468 3035 484 3082 c
502 3032 524 3080 V
546 3032 551 3098 Ι
577 3031 653 3098 clim]
676 3034 747 3082 enim
765 3034 789 3081 A
812 3030 822 3097 ΙΙ
846 3035 860 3083 7
879 3032 960 3099 praui
978 3032 1061 3083 duces

95 3105 218 3152 certasse
235 3104 344 3167 scripsi:
365 3101 484 3151 fortasse
502 3101 583 3165 praui
600 3101 683 3152 duces
700 3101 726 3148 Ι
739 3098 778 3165 119
796 3101 950 3152 aemulatus
967 3101 1064 3164 scripsi

94 3172 111 3218 l.
130 3172 146 3219 l.
163 3186 191 3234 p.
211 3173 279 3219 220:
297 3170 421 3218 imitatus
439 3168 467 3215 A!
496 3166 506 3234 [l
537 3171 566 3219 11
588 3170 632 3219 cui
649 3183 701 3218 nec
718 3167 751 3217 W
772 3165 776 3230 Ι
796 3168 937 3219 eblandita
953 3169 1062 3232 scripsi:

94 3236 224 3288 blandita
241 3237 268 3284 li
290 3235 300 3301 η
325 3239 356 3287 13
375 3234 501 3286 militium
519 3238 543 3285 A
563 3235 574 3302 ll
596 3238 628 3285 14
647 3233 707 3301 hcc]
729 3235 778 3285 hec
796 3237 819 3284 A
838 3236 859 3282 V
881 3234 892 3301 l
916 3236 948 3285 15
966 3250 1048 3299 quam

94 3305 226 3369 quoniam
245 3305 278 3353 W
301 3305 305 3369 Ι
330 3307 421 3369 potest
439 3307 530 3354 tecum
550 3306 581 3366 0,
602 3307 652 3354 aiei
668 3305 738 3369 qaod
754 3309 810 3368 pot.
828 3303 881 3353 bac
900 3309 990 3354 tecum
1007 3315 1025 3349 n

97 3373 130 3424 18
147 3377 179 3423 tu
196 3371 305 3438 quidem
323 3372 376 3422 tuis
396 3388 438 3422 er.
456 3370 546 3424 Bertr
567 3376 598 3422 tu
617 3371 671 3421 tuis
689 3370 799 3435 quidem
817 3387 859 3421 ex.
877 3371 899 3420 B
916 3372 935 3419 c
951 3370 973 3416 V
997 3366 1069 3430 μὴ

94 3444 161 3490 tuae
181 3439 284 3491 aetatis
302 3438 386 3502 Bere,
406 3441 464 3491 edd.
494 3437 504 3506 ΙΙ
533 3441 567 3492 26
589 3439 762 3509 perstringit
773 3438 808 3488 Vl
837 3436 859 3503 b
881 3438 919 3486 ‘a'l
937 3437 1092 3483 macerem

93 3509 221 3570 sempsit
238 3508 255 3556 l.
270 3523 297 3570 p.
317 3509 385 3558 220:
402 3523 535 3578 magnum
554 3512 582 3561 Ι
