<?xml version="1.0" encoding="UTF-8"?>
<!DOCTYPE html PUBLIC "-//W3C//DTD XHTML 1.0 Transitional//EN"
    "http://www.w3.org/TR/xhtml1/DTD/xhtml1-transitional.dtd">
<html xmlns="http://www.w3.org/1999/xhtml" xml:lang="en" lang="en">
 <head>
  <title>
</title>
<meta http-equiv="Content-Type" content="text/html;charset=utf-8" />
  <meta name='ocr-system' content='tesseract 3.04.00' />
  <meta name='ocr-capabilities' content='ocr_page ocr_carea ocr_par ocr_line ocrx_word'/>
</head>
<body>
  <div class='ocr_page' id='page_1' title='image "./xiipanegyricila00baehgoog_0307.png"; bbox 0 0 2294 3780; ppageno 0'>
   <div class='ocr_carea' id='block_1_1' title="bbox 113 185 755 249">
    <p class='ocr_par' dir='ltr' id='par_1_1' title="bbox 113 185 755 249">
     <span class='ocr_line' id='line_1_1' title="bbox 113 185 755 249; baseline -0.028 1"><span class='ocrx_word' id='word_1_1' title='bbox 113 185 176 249; x_wconf 75' lang='lat'>272</span> <span class='ocrx_word' id='word_1_2' title='bbox 435 186 496 236; x_wconf 88' lang='lat' dir='ltr'>x11.</span> <span class='ocrx_word' id='word_1_3' title='bbox 523 185 655 236; x_wconf 68' lang='lat' dir='ltr'>aucam</span> <span class='ocrx_word' id='word_1_4' title='bbox 674 185 755 235; x_wconf 74' lang='lat' dir='ltr'>mu.</span> 
     </span>
    </p>
   </div>
   <div class='ocr_carea' id='block_1_2' title="bbox 68 331 1081 3027">
    <p class='ocr_par' dir='ltr' id='par_1_2' title="bbox 68 331 1081 3027">
     <span class='ocr_line' id='line_1_2' title="bbox 111 331 1081 419; baseline -0.006 -19"><span class='ocrx_word' id='word_1_5' title='bbox 111 340 197 400; x_wconf 90' lang='lat' dir='ltr'>tores</span> <span class='ocrx_word' id='word_1_6' title='bbox 225 338 335 419; x_wconf 90' lang='lat' dir='ltr'>putem</span> <span class='ocrx_word' id='word_1_7' title='bbox 362 335 417 419; x_wconf 91' lang='lat' dir='ltr'>qui</span> <span class='ocrx_word' id='word_1_8' title='bbox 446 356 498 398; x_wconf 89' lang='lat' dir='ltr'>me</span> <span class='ocrx_word' id='word_1_9' title='bbox 525 334 560 396; x_wconf 92' lang='lat' dir='ltr'>in</span> <span class='ocrx_word' id='word_1_10' title='bbox 587 333 723 417; x_wconf 81' lang='lat' dir='ltr'>posteris</span> <span class='ocrx_word' id='word_1_11' title='bbox 753 333 818 396; x_wconf 91' lang='lat' dir='ltr'>suis</span> <span class='ocrx_word' id='word_1_12' title='bbox 847 332 990 396; x_wconf 87' lang='lat' dir='ltr'>audiunt.</span> <span class='ocrx_word' id='word_1_13' title='bbox 1034 331 1081 395; x_wconf 89' lang='lat' dir='ltr'>ita</span> 
     </span>
     <span class='ocr_line' id='line_1_3' title="bbox 112 415 1081 503; baseline -0.003 -20"><span class='ocrx_word' id='word_1_14' title='bbox 112 420 283 503; x_wconf 77' lang='lat' dir='ltr'>multiplici</span> <span class='ocrx_word' id='word_1_15' title='bbox 304 419 541 483; x_wconf 89' lang='lat' dir='ltr'>circumuentus</span> <span class='ocrx_word' id='word_1_16' title='bbox 564 421 666 500; x_wconf 84' lang='lat' dir='ltr'>metu,</span> <span class='ocrx_word' id='word_1_17' title='bbox 696 417 787 500; x_wconf 84' lang='lat' dir='ltr'>quasi</span> <span class='ocrx_word' id='word_1_18' title='bbox 808 438 921 501; x_wconf 90' lang='lat' dir='ltr'>parum</span> <span class='ocrx_word' id='word_1_19' title='bbox 944 415 1081 480; x_wconf 83' lang='lat' dir='ltr'>habeam</span> 
     </span>
     <span class='ocr_line' id='line_1_4' title="bbox 112 500 844 588; baseline -0.005 -20"><span class='ocrx_word' id='word_1_20' title='bbox 112 505 226 568; x_wconf 90' lang='lat' dir='ltr'>timere</span> <span class='ocrx_word' id='word_1_21' title='bbox 248 503 333 588; x_wconf 90' lang='lat' dir='ltr'>quod</span> <span class='ocrx_word' id='word_1_22' title='bbox 354 504 459 580; x_wconf 78' lang='lat' dir='ltr'>uideo,</span> <span class='ocrx_word' id='word_1_23' title='bbox 482 502 575 565; x_wconf 91' lang='lat' dir='ltr'>uideo</span> <span class='ocrx_word' id='word_1_24' title='bbox 598 500 681 584; x_wconf 91' lang='lat' dir='ltr'>quod</span> <span class='ocrx_word' id='word_1_25' title='bbox 702 501 844 565; x_wconf 87' lang='lat' dir='ltr'>timeam.</span> 
     </span>
     <span class='ocr_line' id='line_1_5' title="bbox 176 584 1080 671; baseline -0.006 -20"><span class='ocrx_word' id='word_1_26' title='bbox 176 588 219 653; x_wconf 90' lang='lat' dir='ltr'>H.</span> <span class='ocrx_word' id='word_1_27' title='bbox 268 586 350 662; x_wconf 81' lang='lat' dir='ltr'>Quid</span> <span class='ocrx_word' id='word_1_28' title='bbox 378 586 478 671; x_wconf 83' lang='lat' dir='ltr'>ergo?</span> <span class='ocrx_word' id='word_1_29' title='bbox 515 606 659 648; x_wconf 90' lang='lat' dir='ltr'>nouusne</span> <span class='ocrx_word' id='word_1_30' title='bbox 686 606 737 649; x_wconf 89' lang='lat' dir='ltr'>me</span> <span class='ocrx_word' id='word_1_31' title='bbox 760 605 860 668; x_wconf 88' lang='lat' dir='ltr'>pauor</span> <span class='ocrx_word' id='word_1_32' title='bbox 887 587 920 647; x_wconf 91' lang='lat' dir='ltr'>et</span> <span class='ocrx_word' id='word_1_33' title='bbox 946 584 1080 668; x_wconf 89' lang='lat' dir='ltr'>inopina</span> 
     </span>
     <span class='ocr_line' id='line_1_6' title="bbox 85 667 1080 755; baseline -0.001 -24"><span class='ocrx_word' id='word_1_34' title='bbox 85 670 283 755; x_wconf 76' lang='lat' dir='ltr'>strepidatio</span> <span class='ocrx_word' id='word_1_35' title='bbox 306 670 339 734; x_wconf 89' lang='lat' dir='ltr'>in</span> <span class='ocrx_word' id='word_1_36' title='bbox 357 671 427 753; x_wconf 88' lang='lat' dir='ltr'>ipso</span> <span class='ocrx_word' id='word_1_37' title='bbox 447 669 571 733; x_wconf 90' lang='lat' dir='ltr'>dicendi</span> <span class='ocrx_word' id='word_1_38' title='bbox 587 673 729 753; x_wconf 89' lang='lat' dir='ltr'>tempore</span> <span class='ocrx_word' id='word_1_39' title='bbox 745 667 976 752; x_wconf 76' lang='lat' dir='ltr'>deprehendit?</span> <span class='ocrx_word' id='word_1_40' title='bbox 1000 667 1080 732; x_wconf 90' lang='lat' dir='ltr'>mihi</span> 
     </span>
     <span class='ocr_line' id='line_1_7' title="bbox 111 751 1081 837; baseline -0.005 -17"><span class='ocrx_word' id='word_1_41' title='bbox 111 777 187 820; x_wconf 91' lang='lat' dir='ltr'>uero</span> <span class='ocrx_word' id='word_1_42' title='bbox 215 754 249 818; x_wconf 89' lang='lat' dir='ltr'>hi</span> <span class='ocrx_word' id='word_1_43' title='bbox 277 775 388 818; x_wconf 90' lang='lat' dir='ltr'>omnes</span> <span class='ocrx_word' id='word_1_44' title='bbox 410 755 523 837; x_wconf 89' lang='lat' dir='ltr'>quibus</span> <span class='ocrx_word' id='word_1_45' title='bbox 551 753 740 818; x_wconf 88' lang='lat' dir='ltr'>altrinsecus</span> <span class='ocrx_word' id='word_1_46' title='bbox 767 754 869 817; x_wconf 89' lang='lat' dir='ltr'>iactor</span> <span class='ocrx_word' id='word_1_47' title='bbox 897 759 1003 816; x_wconf 87' lang='lat' dir='ltr'>aestus</span> <span class='ocrx_word' id='word_1_48' title='bbox 1026 751 1081 816; x_wconf 93' lang='lat' dir='ltr'>diu</span> 
     </span>
     <span class='ocr_line' id='line_1_8' title="bbox 112 835 1080 923; baseline -0.005 -19"><span class='ocrx_word' id='word_1_49' title='bbox 112 843 187 904; x_wconf 90' lang='lat' dir='ltr'>ante</span> <span class='ocrx_word' id='word_1_50' title='bbox 208 839 355 902; x_wconf 88' lang='lat' dir='ltr'>meditati</span> <span class='ocrx_word' id='word_1_51' title='bbox 373 839 532 923; x_wconf 84' lang='lat' dir='ltr'>longeque</span> <span class='ocrx_word' id='word_1_52' title='bbox 554 838 716 922; x_wconf 72' lang='lat' dir='ltr'>prospecti</span> <span class='ocrx_word' id='word_1_53' title='bbox 738 840 822 902; x_wconf 89' lang='lat' dir='ltr'>sunt.</span> <span class='ocrx_word' id='word_1_54' title='bbox 852 836 907 900; x_wconf 88' lang='lat' dir='ltr'>sed</span> <span class='ocrx_word' id='word_1_55' title='bbox 930 858 1003 900; x_wconf 92' lang='lat' dir='ltr'>cum</span> <span class='ocrx_word' id='word_1_56' title='bbox 1026 835 1080 899; x_wconf 89' lang='lat' dir='ltr'>ad-</span> 
     </span>
     <span class='ocr_line' id='line_1_9' title="bbox 111 919 1081 988; baseline -0.002 -2"><span class='ocrx_word' id='word_1_57' title='bbox 111 924 280 988; x_wconf 85' lang='lat' dir='ltr'>miratione</span> <span class='ocrx_word' id='word_1_58' title='bbox 302 923 458 987; x_wconf 88' lang='lat' dir='ltr'>uirtutum</span> <span class='ocrx_word' id='word_1_59' title='bbox 480 929 608 987; x_wconf 89' lang='lat' dir='ltr'>tuarum</span> <span class='ocrx_word' id='word_1_60' title='bbox 634 924 674 987; x_wconf 89' lang='lat' dir='ltr'>ab</span> <span class='ocrx_word' id='word_1_61' title='bbox 695 922 809 986; x_wconf 88' lang='lat' dir='ltr'>ultimo</span> <span class='ocrx_word' id='word_1_62' title='bbox 832 919 1009 984; x_wconf 82' lang='lat' dir='ltr'>Galliarum</span> <span class='ocrx_word' id='word_1_63' title='bbox 1032 942 1081 984; x_wconf 89' lang='lat' dir='ltr'>ro·</span> 
     </span>
     <span class='ocr_line' id='line_1_10' title="bbox 113 1005 1081 1092; baseline -0.005 -20"><span class='ocrx_word' id='word_1_64' title='bbox 113 1029 219 1092; x_wconf 86' lang='lat' dir='ltr'>cessu,</span> <span class='ocrx_word' id='word_1_65' title='bbox 247 1008 411 1092; x_wconf 86' lang='lat' dir='ltr'>qualitas</span> <span class='ocrx_word' id='word_1_66' title='bbox 439 1007 551 1073; x_wconf 90' lang='lat' dir='ltr'>oceani</span> <span class='ocrx_word' id='word_1_67' title='bbox 580 1008 746 1072; x_wconf 88' lang='lat' dir='ltr'>cadentem</span> <span class='ocrx_word' id='word_1_68' title='bbox 774 1005 893 1089; x_wconf 86' lang='lat' dir='ltr'>excipit</span> <span class='ocrx_word' id='word_1_69' title='bbox 920 1005 1020 1069; x_wconf 92' lang='lat' dir='ltr'>solem</span> <span class='ocrx_word' id='word_1_70' title='bbox 1048 1007 1081 1067; x_wconf 91' lang='lat' dir='ltr'>et</span> 
     </span>
     <span class='ocr_line' id='line_1_11' title="bbox 74 1089 1081 1170; baseline 0.001 -19"><span class='ocrx_word' id='word_1_71' title='bbox 74 1113 100 1151; x_wconf 75' lang='grc' dir='ltr'>ιο</span> <span class='ocrx_word' id='word_1_72' title='bbox 113 1093 332 1157; x_wconf 88' lang='lat' dir='ltr'>deficientibus</span> <span class='ocrx_word' id='word_1_73' title='bbox 354 1093 449 1157; x_wconf 88' lang='lat' dir='ltr'>terris</span> <span class='ocrx_word' id='word_1_74' title='bbox 477 1090 594 1155; x_wconf 88' lang='lat' dir='ltr'>sociale</span> <span class='ocrx_word' id='word_1_75' title='bbox 620 1091 771 1155; x_wconf 89' lang='lat' dir='ltr'>miscetur</span> <span class='ocrx_word' id='word_1_76' title='bbox 799 1090 1008 1170; x_wconf 82' lang='lat' dir='ltr'>elementum,</span> <span class='ocrx_word' id='word_1_77' title='bbox 1040 1089 1081 1152; x_wconf 88' lang='lat' dir='ltr'>ad</span> 
     </span>
     <span class='ocr_line' id='line_1_12' title="bbox 112 1173 1080 1258; baseline -0.007 -16"><span class='ocrx_word' id='word_1_78' title='bbox 112 1178 326 1242; x_wconf 89' lang='lat' dir='ltr'>contuendum</span> <span class='ocrx_word' id='word_1_79' title='bbox 348 1181 380 1242; x_wconf 88' lang='lat' dir='ltr'>te</span> <span class='ocrx_word' id='word_1_80' title='bbox 403 1176 662 1258; x_wconf 87' lang='lat' dir='ltr'>adorandumque</span> <span class='ocrx_word' id='word_1_81' title='bbox 683 1195 915 1258; x_wconf 81' lang='lat' dir='ltr'>properassem,</span> <span class='ocrx_word' id='word_1_82' title='bbox 937 1176 974 1236; x_wconf 91' lang='lat' dir='ltr'>ut</span> <span class='ocrx_word' id='word_1_83' title='bbox 994 1173 1080 1237; x_wconf 87' lang='lat' dir='ltr'>bona</span> 
     </span>
     <span class='ocr_line' id='line_1_13' title="bbox 134 1257 1080 1345; baseline -0.004 -20"><span class='ocrx_word' id='word_1_84' title='bbox 134 1284 192 1326; x_wconf 86' lang='lat' dir='ltr'>uae</span> <span class='ocrx_word' id='word_1_85' title='bbox 215 1263 343 1326; x_wconf 90' lang='lat' dir='ltr'>auribus</span> <span class='ocrx_word' id='word_1_86' title='bbox 368 1283 512 1345; x_wconf 88' lang='lat' dir='ltr'>ceperam</span> <span class='ocrx_word' id='word_1_87' title='bbox 535 1261 632 1323; x_wconf 91' lang='lat' dir='ltr'>etiam</span> <span class='ocrx_word' id='word_1_88' title='bbox 653 1260 724 1324; x_wconf 83' lang='lat' dir='ltr'>uisu</span> <span class='ocrx_word' id='word_1_89' title='bbox 746 1279 949 1341; x_wconf 89' lang='lat' dir='ltr'>usurparem:</span> <span class='ocrx_word' id='word_1_90' title='bbox 975 1257 1080 1339; x_wconf 87' lang='lat' dir='ltr'>timui,</span> 
     </span>
     <span class='ocr_line' id='line_1_14' title="bbox 111 1283 1081 1430; baseline -0.003 -22"><span class='ocrx_word' id='word_1_91' title='bbox 111 1283 228 1428; x_wconf 77' lang='lat' dir='ltr'>iateor,</span> <span class='ocrx_word' id='word_1_92' title='bbox 258 1347 302 1430; x_wconf 89' lang='lat' dir='ltr'>pii</span> <span class='ocrx_word' id='word_1_93' title='bbox 323 1346 442 1410; x_wconf 87' lang='lat' dir='ltr'>laboris</span> <span class='ocrx_word' id='word_1_94' title='bbox 471 1344 612 1408; x_wconf 90' lang='lat' dir='ltr'>officium</span> <span class='ocrx_word' id='word_1_95' title='bbox 639 1343 982 1427; x_wconf 86' lang='lat' dir='ltr'>impia&#39;taoiturnitate</span> <span class='ocrx_word' id='word_1_96' title='bbox 1013 1362 1081 1406; x_wconf 90' lang='lat' dir='ltr'>cor-</span> 
     </span>
     <span class='ocr_line' id='line_1_15' title="bbox 74 1425 1080 1596; baseline 0.001 -24"><span class='ocrx_word' id='word_1_97' title='bbox 74 1425 1080 1596; x_wconf 54' lang='lat' dir='ltr'>iirrorantesarcuncurtis</span> 
     </span>
     <span class='ocr_line' id='line_1_16' title="bbox 111 1595 1081 1679; baseline -0.003 -18"><span class='ocrx_word' id='word_1_98' title='bbox 111 1599 198 1663; x_wconf 92' lang='lat' dir='ltr'>dium</span> <span class='ocrx_word' id='word_1_99' title='bbox 220 1598 441 1679; x_wconf 78' lang='lat' dir='ltr'>stellantium,</span> <span class='ocrx_word' id='word_1_100' title='bbox 465 1597 544 1661; x_wconf 88' lang='lat' dir='ltr'>duas</span> <span class='ocrx_word' id='word_1_101' title='bbox 567 1618 618 1660; x_wconf 90' lang='lat' dir='ltr'>res</span> <span class='ocrx_word' id='word_1_102' title='bbox 636 1596 870 1661; x_wconf 88' lang='lat' dir='ltr'>diuersissimas</span> <span class='ocrx_word' id='word_1_103' title='bbox 889 1595 991 1676; x_wconf 83' lang='lat' dir='ltr'>iunxi,</span> <span class='ocrx_word' id='word_1_104' title='bbox 1015 1616 1081 1658; x_wconf 89' lang='lat' dir='ltr'>me·</span> 
     </span>
     <span class='ocr_line' id='line_1_17' title="bbox 109 1679 1080 1764; baseline -0.003 -19"><span class='ocrx_word' id='word_1_105' title='bbox 109 1687 179 1745; x_wconf 89' lang='lat' dir='ltr'>tum</span> <span class='ocrx_word' id='word_1_106' title='bbox 208 1686 240 1746; x_wconf 92' lang='lat' dir='ltr'>et</span> <span class='ocrx_word' id='word_1_107' title='bbox 265 1682 489 1746; x_wconf 80' lang='lat' dir='ltr'>temeritatem.</span> <span class='ocrx_word' id='word_1_108' title='bbox 535 1681 614 1764; x_wconf 90' lang='lat' dir='ltr'>quin</span> <span class='ocrx_word' id='word_1_109' title='bbox 642 1685 675 1744; x_wconf 89' lang='lat' dir='ltr'>et</span> <span class='ocrx_word' id='word_1_110' title='bbox 700 1679 779 1744; x_wconf 92' lang='lat' dir='ltr'>illud</span> <span class='ocrx_word' id='word_1_111' title='bbox 806 1702 857 1744; x_wconf 90' lang='lat' dir='ltr'>me</span> <span class='ocrx_word' id='word_1_112' title='bbox 882 1679 1012 1762; x_wconf 90' lang='lat' dir='ltr'>impulit</span> <span class='ocrx_word' id='word_1_113' title='bbox 1039 1679 1080 1743; x_wconf 90' lang='lat' dir='ltr'>ad</span> 
     </span>
     <span class='ocr_line' id='line_1_18' title="bbox 111 1764 1081 1848; baseline -0.001 -20"><span class='ocrx_word' id='word_1_114' title='bbox 111 1766 280 1829; x_wconf 88' lang='lat' dir='ltr'>dicendum</span> <span class='ocrx_word' id='word_1_115' title='bbox 313 1766 396 1846; x_wconf 92' lang='lat' dir='ltr'>quod</span> <span class='ocrx_word' id='word_1_116' title='bbox 429 1767 466 1827; x_wconf 90' lang='lat' dir='ltr'>ut</span> <span class='ocrx_word' id='word_1_117' title='bbox 492 1764 630 1828; x_wconf 83' lang='lat' dir='ltr'>dicerem</span> <span class='ocrx_word' id='word_1_118' title='bbox 662 1764 768 1828; x_wconf 89' lang='lat' dir='ltr'>nullus</span> <span class='ocrx_word' id='word_1_119' title='bbox 803 1764 962 1848; x_wconf 82' lang='lat' dir='ltr'>adigebat.</span> <span class='ocrx_word' id='word_1_120' title='bbox 1012 1784 1081 1827; x_wconf 90' lang='lat' dir='ltr'>non</span> 
     </span>
     <span class='ocr_line' id='line_1_19' title="bbox 112 1847 1079 1932; baseline -0.002 -20"><span class='ocrx_word' id='word_1_121' title='bbox 112 1849 197 1912; x_wconf 87' lang='lat' dir='ltr'>enim</span> <span class='ocrx_word' id='word_1_122' title='bbox 224 1850 292 1910; x_wconf 88' lang='lat' dir='ltr'>iam</span> <span class='ocrx_word' id='word_1_123' title='bbox 317 1851 427 1910; x_wconf 86' lang='lat' dir='ltr'>coacta</span> <span class='ocrx_word' id='word_1_124' title='bbox 448 1847 591 1910; x_wconf 89' lang='lat' dir='ltr'>laudatio</span> <span class='ocrx_word' id='word_1_125' title='bbox 620 1852 653 1911; x_wconf 92' lang='lat' dir='ltr'>et</span> <span class='ocrx_word' id='word_1_126' title='bbox 674 1870 840 1932; x_wconf 83' lang='lat' dir='ltr'>expressae</span> <span class='ocrx_word' id='word_1_127' title='bbox 868 1849 956 1911; x_wconf 89' lang='lat' dir='ltr'>metu</span> <span class='ocrx_word' id='word_1_128' title='bbox 981 1867 1079 1910; x_wconf 91' lang='lat' dir='ltr'>uoces</span> 
     </span>
     <span class='ocr_line' id='line_1_20' title="bbox 69 1930 1079 2081; baseline -0.001 -1"><span class='ocrx_word' id='word_1_129' title='bbox 69 1930 1079 2081; x_wconf 44' lang='lat' dir='ltr'>²0liclucaarcirrerecessionum</span> 
     </span>
     <span class='ocr_line' id='line_1_21' title="bbox 110 2067 1079 2185; baseline -0.003 -20"><span class='ocrx_word' id='word_1_130' title='bbox 110 2101 274 2165; x_wconf 88' lang='lat' dir='ltr'>dominum</span> <span class='ocrx_word' id='word_1_131' title='bbox 296 2123 387 2165; x_wconf 88' lang='lat' dir='ltr'>auras</span> <span class='ocrx_word' id='word_1_132' title='bbox 410 2121 522 2165; x_wconf 90' lang='lat' dir='ltr'>omnes</span> <span class='ocrx_word' id='word_1_133' title='bbox 536 2099 706 2185; x_wconf 87' lang='lat' dir='ltr'>plausuum</span> <span class='ocrx_word' id='word_1_134' title='bbox 721 2067 921 2184; x_wconf 90' lang='lat' dir='ltr'>publicorum</span> <span class='ocrx_word' id='word_1_135' title='bbox 943 2102 1079 2163; x_wconf 86' lang='lat' dir='ltr'>uentosa</span> 
     </span>
     <span class='ocr_line' id='line_1_22' title="bbox 108 2182 1078 2270; baseline -0.004 -20"><span class='ocrx_word' id='word_1_136' title='bbox 108 2185 322 2270; x_wconf 86' lang='lat' dir='ltr'>popularitate</span> <span class='ocrx_word' id='word_1_137' title='bbox 346 2188 530 2270; x_wconf 87' lang='lat' dir='ltr'>captantem</span> <span class='ocrx_word' id='word_1_138' title='bbox 557 2185 696 2249; x_wconf 88' lang='lat' dir='ltr'>mendax</span> <span class='ocrx_word' id='word_1_139' title='bbox 719 2185 893 2249; x_wconf 87' lang='lat' dir='ltr'>assentatio</span> <span class='ocrx_word' id='word_1_140' title='bbox 914 2182 1078 2266; x_wconf 83' lang='lat' dir='ltr'>titillabat,</span> 
     </span>
     <span class='ocr_line' id='line_1_23' title="bbox 111 2269 1077 2356; baseline -0.003 -23"><span class='ocrx_word' id='word_1_141' title='bbox 111 2291 182 2334; x_wconf 92' lang='lat' dir='ltr'>cum</span> <span class='ocrx_word' id='word_1_142' title='bbox 204 2271 306 2354; x_wconf 87' lang='lat' dir='ltr'>gratis</span> <span class='ocrx_word' id='word_1_143' title='bbox 329 2271 469 2356; x_wconf 83' lang='lat' dir='ltr'>agebant</span> <span class='ocrx_word' id='word_1_144' title='bbox 489 2269 632 2333; x_wconf 89' lang='lat' dir='ltr'>dolentes</span> <span class='ocrx_word' id='word_1_145' title='bbox 655 2273 687 2333; x_wconf 90' lang='lat' dir='ltr'>et</span> <span class='ocrx_word' id='word_1_146' title='bbox 707 2273 879 2351; x_wconf 85' lang='lat' dir='ltr'>tyrannum</span> <span class='ocrx_word' id='word_1_147' title='bbox 900 2288 966 2331; x_wconf 91' lang='lat' dir='ltr'>non</span> <span class='ocrx_word' id='word_1_148' title='bbox 985 2288 1077 2351; x_wconf 88' lang='lat' dir='ltr'>prae·</span> 
     </span>
     <span class='ocr_line' id='line_1_24' title="bbox 70 2352 1079 2436; baseline -0.004 -17"><span class='ocrx_word' id='word_1_149' title='bbox 70 2355 230 2419; x_wconf 68' lang='lat' dir='ltr'>radicasse</span> <span class='ocrx_word' id='word_1_150' title='bbox 260 2355 440 2436; x_wconf 86' lang='lat' dir='ltr'>tyrannidis</span> <span class='ocrx_word' id='word_1_151' title='bbox 473 2355 633 2417; x_wconf 83' lang='lat' dir='ltr'>accusatio</span> <span class='ocrx_word' id='word_1_152' title='bbox 665 2352 850 2417; x_wconf 90' lang='lat' dir='ltr'>uocabatur.</span> <span class='ocrx_word' id='word_1_153' title='bbox 899 2373 987 2415; x_wconf 89' lang='lat' dir='ltr'>nunc</span> <span class='ocrx_word' id='word_1_154' title='bbox 1018 2373 1079 2435; x_wconf 88' lang='lat' dir='ltr'>par</span> 
     </span>
     <span class='ocr_line' id='line_1_25' title="bbox 110 2437 1077 2522; baseline -0.002 -21"><span class='ocrx_word' id='word_1_155' title='bbox 110 2439 237 2502; x_wconf 88' lang='lat' dir='ltr'>dicendi</span> <span class='ocrx_word' id='word_1_156' title='bbox 259 2439 448 2522; x_wconf 87' lang='lat' dir='ltr'>tacendique</span> <span class='ocrx_word' id='word_1_157' title='bbox 470 2438 603 2501; x_wconf 84' lang='lat' dir='ltr'>libertas</span> <span class='ocrx_word' id='word_1_158' title='bbox 631 2439 663 2501; x_wconf 89' lang='lat' dir='ltr'>ot</span> <span class='ocrx_word' id='word_1_159' title='bbox 685 2459 781 2521; x_wconf 89' lang='lat' dir='ltr'>quam</span> <span class='ocrx_word' id='word_1_160' title='bbox 803 2439 987 2521; x_wconf 88' lang='lat' dir='ltr'>promptum</span> <span class='ocrx_word' id='word_1_161' title='bbox 1011 2437 1077 2500; x_wconf 88' lang='lat' dir='ltr'>lau-</span> 
     </span>
     <span class='ocr_line' id='line_1_26' title="bbox 108 2519 1077 2605; baseline -0.002 -21"><span class='ocrx_word' id='word_1_162' title='bbox 108 2521 185 2585; x_wconf 90' lang='lat' dir='ltr'>dare</span> <span class='ocrx_word' id='word_1_163' title='bbox 200 2523 389 2605; x_wconf 86' lang='lat' dir='ltr'>prinoipem,</span> <span class='ocrx_word' id='word_1_164' title='bbox 411 2526 480 2585; x_wconf 89' lang='lat' dir='ltr'>tam</span> <span class='ocrx_word' id='word_1_165' title='bbox 494 2524 599 2584; x_wconf 91' lang='lat' dir='ltr'>tutum</span> <span class='ocrx_word' id='word_1_166' title='bbox 619 2522 744 2586; x_wconf 88' lang='lat' dir='ltr'>siluisse</span> <span class='ocrx_word' id='word_1_167' title='bbox 759 2520 798 2585; x_wconf 90' lang='lat' dir='ltr'>de</span> <span class='ocrx_word' id='word_1_168' title='bbox 813 2520 968 2605; x_wconf 90' lang='lat' dir='ltr'>principe.</span> <span class='ocrx_word' id='word_1_169' title='bbox 997 2519 1077 2584; x_wconf 90' lang='lat' dir='ltr'>libet</span> 
     </span>
     <span class='ocr_line' id='line_1_27' title="bbox 109 2603 1076 2688; baseline -0.001 -21"><span class='ocrx_word' id='word_1_170' title='bbox 109 2605 208 2688; x_wconf 89' lang='lat' dir='ltr'>igitur</span> <span class='ocrx_word' id='word_1_171' title='bbox 229 2605 386 2668; x_wconf 89' lang='lat' dir='ltr'>redditam</span> <span class='ocrx_word' id='word_1_172' title='bbox 401 2605 601 2687; x_wconf 87' lang='lat' dir='ltr'>postliminio</span> <span class='ocrx_word' id='word_1_173' title='bbox 624 2606 825 2670; x_wconf 87' lang='lat' dir='ltr'>securitatem</span> <span class='ocrx_word' id='word_1_174' title='bbox 841 2603 1001 2688; x_wconf 90' lang='lat' dir='ltr'>loquendo</span> <span class='ocrx_word' id='word_1_175' title='bbox 1025 2624 1076 2667; x_wconf 86' lang='lat' dir='ltr'>ex-</span> 
     </span>
     <span class='ocr_line' id='line_1_28' title="bbox 108 2686 1076 2774; baseline -0.001 -22"><span class='ocrx_word' id='word_1_176' title='bbox 108 2688 220 2773; x_wconf 83' lang='lat' dir='ltr'>periri,</span> <span class='ocrx_word' id='word_1_177' title='bbox 250 2689 343 2772; x_wconf 81' lang='lat' dir='ltr'>libet,</span> <span class='ocrx_word' id='word_1_178' title='bbox 372 2690 519 2773; x_wconf 84' lang='lat' dir='ltr'>inquam,</span> <span class='ocrx_word' id='word_1_179' title='bbox 549 2690 624 2773; x_wconf 93' lang='lat' dir='ltr'>quia</span> <span class='ocrx_word' id='word_1_180' title='bbox 644 2691 805 2755; x_wconf 90' lang='lat' dir='ltr'>neminem</span> <span class='ocrx_word' id='word_1_181' title='bbox 826 2689 929 2774; x_wconf 86' lang='lat' dir='ltr'>magis</span> <span class='ocrx_word' id='word_1_182' title='bbox 951 2686 1076 2752; x_wconf 89' lang='lat' dir='ltr'>laudari</span> 
     </span>
     <span class='ocr_line' id='line_1_29' title="bbox 68 2773 1039 2858; baseline 0.003 -25"><span class='ocrx_word' id='word_1_183' title='bbox 68 2791 95 2832; x_wconf 80' lang='lat' dir='ltr'>ao</span> <span class='ocrx_word' id='word_1_184' title='bbox 108 2774 331 2858; x_wconf 87' lang='lat' dir='ltr'>imperatorem</span> <span class='ocrx_word' id='word_1_185' title='bbox 354 2773 444 2838; x_wconf 92' lang='lat' dir='ltr'>decet</span> <span class='ocrx_word' id='word_1_186' title='bbox 466 2793 563 2856; x_wconf 89' lang='lat' dir='ltr'>quam</span> <span class='ocrx_word' id='word_1_187' title='bbox 585 2795 678 2858; x_wconf 91' lang='lat' dir='ltr'>quem</span> <span class='ocrx_word' id='word_1_188' title='bbox 701 2775 807 2838; x_wconf 91' lang='lat' dir='ltr'>minus</span> <span class='ocrx_word' id='word_1_189' title='bbox 830 2794 958 2838; x_wconf 89' lang='lat' dir='ltr'>necesse</span> <span class='ocrx_word' id='word_1_190' title='bbox 982 2775 1039 2837; x_wconf 87' lang='lat' dir='ltr'>est.</span> 
     </span>
     <span class='ocr_line' id='line_1_30' title="bbox 171 2857 1075 2943; baseline -0.003 -20"><span class='ocrx_word' id='word_1_191' title='bbox 171 2857 230 2923; x_wconf 89' lang='lat'><strong>111.</strong></span> <span class='ocrx_word' id='word_1_192' title='bbox 274 2857 339 2923; x_wconf 89' lang='lat' dir='ltr'>Det</span> <span class='ocrx_word' id='word_1_193' title='bbox 365 2859 465 2943; x_wconf 89' lang='lat' dir='ltr'>igitur</span> <span class='ocrx_word' id='word_1_194' title='bbox 491 2857 570 2922; x_wconf 92' lang='lat' dir='ltr'>mihi</span> <span class='ocrx_word' id='word_1_195' title='bbox 597 2859 753 2923; x_wconf 90' lang='lat' dir='ltr'>sermonis</span> <span class='ocrx_word' id='word_1_196' title='bbox 775 2857 869 2922; x_wconf 90' lang='lat' dir='ltr'>huius</span> <span class='ocrx_word' id='word_1_197' title='bbox 898 2857 1075 2940; x_wconf 87' lang='lat' dir='ltr'>auspicium</span> 
     </span>
     <span class='ocr_line' id='line_1_31' title="bbox 108 2941 1075 3027; baseline 0 -22"><span class='ocrx_word' id='word_1_198' title='bbox 108 2943 163 3006; x_wconf 90' lang='lat' dir='ltr'>ille</span> <span class='ocrx_word' id='word_1_199' title='bbox 192 2943 358 3007; x_wconf 87' lang='lat' dir='ltr'>felicitatis</span> <span class='ocrx_word' id='word_1_200' title='bbox 386 2943 534 3027; x_wconf 89' lang='lat' dir='ltr'>publicae</span> <span class='ocrx_word' id='word_1_201' title='bbox 566 2964 685 3027; x_wconf 86' lang='lat' dir='ltr'>auspex</span> <span class='ocrx_word' id='word_1_202' title='bbox 712 2943 778 3006; x_wconf 89' lang='lat' dir='ltr'>dies</span> <span class='ocrx_word' id='word_1_203' title='bbox 812 2943 866 3024; x_wconf 90' lang='lat' dir='ltr'>qui</span> <span class='ocrx_word' id='word_1_204' title='bbox 893 2945 926 3006; x_wconf 90' lang='lat' dir='ltr'>te</span> <span class='ocrx_word' id='word_1_205' title='bbox 953 2941 1075 3025; x_wconf 86' lang='lat' dir='ltr'>primus</span> 
     </span>
    </p>
   </div>
   <div class='ocr_carea' id='block_1_3' title="bbox 109 3082 311 3090">
    <p class='ocr_par' dir='ltr' id='par_1_3' title="bbox 109 3082 311 3090">
     <span class='ocr_line' id='line_1_32' title="bbox 109 3082 311 3090; baseline 0 0"><span class='ocrx_word' id='word_1_206' title='bbox 109 3082 311 3090; x_wconf 51' lang='lat' dir='ltr'>m—</span> 
     </span>
    </p>
   </div>
   <div class='ocr_carea' id='block_1_4' title="bbox 105 3161 1075 3551">
    <p class='ocr_par' dir='ltr' id='par_1_4' title="bbox 105 3161 1075 3551">
     <span class='ocr_line' id='line_1_33' title="bbox 176 3161 1075 3228; baseline -0.003 -14"><span class='ocrx_word' id='word_1_207' title='bbox 176 3167 283 3228; x_wconf 76' lang='lat' dir='ltr'>3priac</span> <span class='ocrx_word' id='word_1_208' title='bbox 301 3164 373 3228; x_wconf 89' lang='lat' dir='ltr'>quod</span> <span class='ocrx_word' id='word_1_209' title='bbox 390 3166 440 3215; x_wconf 83' lang='lat' dir='ltr'>del.</span> <span class='ocrx_word' id='word_1_210' title='bbox 461 3179 485 3213; x_wconf 83' lang='lat' dir='ltr'>w</span> <span class='ocrx_word' id='word_1_211' title='bbox 515 3162 520 3226; x_wconf 85' lang='grc' dir='ltr'>Ι</span> <span class='ocrx_word' id='word_1_212' title='bbox 552 3165 634 3215; x_wconf 88' lang='lat' dir='ltr'>uideo</span> <span class='ocrx_word' id='word_1_213' title='bbox 653 3164 730 3214; x_wconf 88' lang='lat' dir='ltr'>uideo</span> <span class='ocrx_word' id='word_1_214' title='bbox 747 3165 895 3214; x_wconf 79' lang='lat' dir='ltr'>Liuineius:</span> <span class='ocrx_word' id='word_1_215' title='bbox 913 3163 995 3212; x_wconf 87' lang='lat' dir='ltr'>uideo</span> <span class='ocrx_word' id='word_1_216' title='bbox 1012 3164 1039 3211; x_wconf 71' lang='grc' dir='ltr'><strong><em>Π</em></strong></span> <span class='ocrx_word' id='word_1_217' title='bbox 1066 3161 1075 3227; x_wconf 73' lang='lat' dir='ltr'>ll</span> 
     </span>
     <span class='ocr_line' id='line_1_34' title="bbox 108 3227 1075 3296; baseline -0.004 -13"><span class='ocrx_word' id='word_1_218' title='bbox 108 3232 125 3283; x_wconf 81' lang='grc'>9</span> <span class='ocrx_word' id='word_1_219' title='bbox 144 3245 198 3294; x_wconf 88' lang='lat' dir='ltr'>quo</span> <span class='ocrx_word' id='word_1_220' title='bbox 214 3233 248 3280; x_wconf 83' lang='lat' dir='ltr'>W</span> <span class='ocrx_word' id='word_1_221' title='bbox 271 3229 281 3296; x_wconf 81' lang='grc' dir='ltr'>ΙΙ</span> <span class='ocrx_word' id='word_1_222' title='bbox 307 3233 339 3280; x_wconf 96' lang='grc'>12</span> <span class='ocrx_word' id='word_1_223' title='bbox 357 3235 481 3296; x_wconf 86' lang='lat' dir='ltr'>teperam</span> <span class='ocrx_word' id='word_1_224' title='bbox 500 3233 541 3296; x_wconf 75' lang='grc' dir='ltr'>ΔΙ</span> <span class='ocrx_word' id='word_1_225' title='bbox 560 3233 623 3282; x_wconf 84' lang='lat' dir='ltr'>uisu</span> <span class='ocrx_word' id='word_1_226' title='bbox 641 3233 664 3281; x_wconf 76' lang='lat' dir='ltr'>A</span> <span class='ocrx_word' id='word_1_227' title='bbox 680 3233 726 3280; x_wconf 85' lang='lat' dir='ltr'>W:</span> <span class='ocrx_word' id='word_1_228' title='bbox 744 3246 796 3282; x_wconf 84' lang='lat' dir='ltr'>usu</span> <span class='ocrx_word' id='word_1_229' title='bbox 815 3232 831 3280; x_wconf 79' lang='lat'><strong>0</strong></span> <span class='ocrx_word' id='word_1_230' title='bbox 849 3231 880 3293; x_wconf 77' lang='lat' dir='ltr'>V,</span> <span class='ocrx_word' id='word_1_231' title='bbox 899 3231 983 3280; x_wconf 75' lang='lat' dir='ltr'>cml!</span> <span class='ocrx_word' id='word_1_232' title='bbox 1007 3227 1018 3294; x_wconf 79' lang='lat' dir='ltr'>ll</span> <span class='ocrx_word' id='word_1_233' title='bbox 1044 3232 1075 3280; x_wconf 81' lang='lat' dir='ltr'>lo</span> 
     </span>
     <span class='ocr_line' id='line_1_35' title="bbox 108 3295 1075 3365; baseline 0 -18"><span class='ocrx_word' id='word_1_234' title='bbox 108 3313 239 3362; x_wconf 84' lang='lat' dir='ltr'>expressa</span> <span class='ocrx_word' id='word_1_235' title='bbox 256 3300 280 3348; x_wconf 79' lang='lat' dir='ltr'>A</span> <span class='ocrx_word' id='word_1_236' title='bbox 299 3299 478 3364; x_wconf 78' lang='lat' dir='ltr'>expresaicll</span> <span class='ocrx_word' id='word_1_237' title='bbox 506 3297 517 3365; x_wconf 84' lang='grc' dir='ltr'>ΙΙ</span> <span class='ocrx_word' id='word_1_238' title='bbox 547 3303 580 3351; x_wconf 90' lang='grc'>20</span> <span class='ocrx_word' id='word_1_239' title='bbox 600 3302 681 3350; x_wconf 77' lang='lat' dir='ltr'>malim</span> <span class='ocrx_word' id='word_1_240' title='bbox 700 3299 803 3364; x_wconf 85' lang='lat' dir='ltr'>fugerit</span> <span class='ocrx_word' id='word_1_241' title='bbox 823 3297 866 3349; x_wconf 90' lang='lat' dir='ltr'>ab.</span> <span class='ocrx_word' id='word_1_242' title='bbox 897 3295 907 3362; x_wconf 81' lang='grc'>11</span> <span class='ocrx_word' id='word_1_243' title='bbox 937 3299 970 3347; x_wconf 86' lang='grc'>24</span> <span class='ocrx_word' id='word_1_244' title='bbox 988 3298 1075 3363; x_wconf 79' lang='lat' dir='ltr'>gratia</span> 
     </span>
     <span class='ocr_line' id='line_1_36' title="bbox 105 3364 1075 3432; baseline -0.001 -17"><span class='ocrx_word' id='word_1_245' title='bbox 105 3367 144 3415; x_wconf 75' lang='lat' dir='ltr'>A:</span> <span class='ocrx_word' id='word_1_246' title='bbox 163 3367 269 3431; x_wconf 83' lang='lat' dir='ltr'>gratias</span> <span class='ocrx_word' id='word_1_247' title='bbox 285 3368 306 3416; x_wconf 83' lang='lat' dir='ltr'><strong>B</strong></span> <span class='ocrx_word' id='word_1_248' title='bbox 325 3370 343 3415; x_wconf 84' lang='lat' dir='ltr'>c</span> <span class='ocrx_word' id='word_1_249' title='bbox 361 3367 383 3412; x_wconf 83' lang='lat' dir='ltr'>V</span> <span class='ocrx_word' id='word_1_250' title='bbox 400 3366 433 3415; x_wconf 83' lang='lat' dir='ltr'>W</span> <span class='ocrx_word' id='word_1_251' title='bbox 450 3372 543 3431; x_wconf 83' lang='lat' dir='ltr'>grates</span> <span class='ocrx_word' id='word_1_252' title='bbox 560 3366 636 3420; x_wconf 85' lang='lat' dir='ltr'>Bert.</span> <span class='ocrx_word' id='word_1_253' title='bbox 660 3364 670 3432; x_wconf 83' lang='grc' dir='ltr'>ΙΙ</span> <span class='ocrx_word' id='word_1_254' title='bbox 694 3367 726 3416; x_wconf 85' lang='grc'>26</span> <span class='ocrx_word' id='word_1_255' title='bbox 745 3366 857 3416; x_wconf 85' lang='lat' dir='ltr'>tacendi</span> <span class='ocrx_word' id='word_1_256' title='bbox 876 3364 1040 3430; x_wconf 82' lang='lat' dir='ltr'>dicendique</span> <span class='ocrx_word' id='word_1_257' title='bbox 1057 3366 1075 3414; x_wconf 83' lang='lat' dir='ltr'>c</span> 
     </span>
     <span class='ocr_line' id='line_1_37' title="bbox 109 3428 1075 3551; baseline -0.002 -68"><span class='ocrx_word' id='word_1_258' title='bbox 109 3428 321 3551; x_wconf 47' lang='lat' dir='ltr'>[lu29nlaudvarql</span> <span class='ocrx_word' id='word_1_259' title='bbox 323 3436 357 3483; x_wconf 83' lang='lat' dir='ltr'>W</span> <span class='ocrx_word' id='word_1_260' title='bbox 380 3430 390 3498; x_wconf 73' lang='lat' dir='ltr'>n</span> <span class='ocrx_word' id='word_1_261' title='bbox 420 3435 452 3484; x_wconf 83' lang='lat'>31</span> <span class='ocrx_word' id='word_1_262' title='bbox 471 3434 518 3485; x_wconf 88' lang='lat' dir='ltr'>det</span> <span class='ocrx_word' id='word_1_263' title='bbox 537 3433 629 3499; x_wconf 74' lang='lat' dir='ltr'>Caspe</span> <span class='ocrx_word' id='word_1_264' title='bbox 650 3434 777 3485; x_wconf 75' lang='lat' dir='ltr'>detali</span> <span class='ocrx_word' id='word_1_265' title='bbox 804 3431 814 3498; x_wconf 76' lang='lat' dir='ltr'>l</span> <span class='ocrx_word' id='word_1_266' title='bbox 843 3436 875 3484; x_wconf 87' lang='grc'>32</span> <span class='ocrx_word' id='word_1_267' title='bbox 894 3432 941 3483; x_wconf 89' lang='lat' dir='ltr'>ille</span> <span class='ocrx_word' id='word_1_268' title='bbox 960 3433 997 3481; x_wconf 72' lang='lat' dir='ltr'>Ar</span> <span class='ocrx_word' id='word_1_269' title='bbox 1022 3433 1075 3482; x_wconf 84' lang='lat' dir='ltr'>erit</span> 
     </span>
     <span class='ocr_line' id='line_1_38' title="bbox 107 3504 230 3550; baseline 0.024 -3"><span class='ocrx_word' id='word_1_270' title='bbox 107 3514 118 3547; x_wconf 83' lang='lat' dir='ltr'>r</span> <span class='ocrx_word' id='word_1_271' title='bbox 143 3514 156 3548; x_wconf 83' lang='lat' dir='ltr'>c</span> <span class='ocrx_word' id='word_1_272' title='bbox 213 3504 230 3550; x_wconf 81' lang='lat'><strong>0</strong></span> 
     </span>
    </p>
   </div>
   <div class='ocr_carea' id='block_1_5' title="bbox 0 0 1152 3780">
    <p class='ocr_par' dir='ltr' id='par_1_5' title="bbox 0 0 1152 3780">
     <span class='ocr_line' id='line_1_39' title="bbox 0 0 1152 3780; baseline 0 1"><span class='ocrx_word' id='word_1_273' title='bbox 0 0 1152 3780; x_wconf 95' lang='lat' dir='ltr'> </span> 
     </span>
    </p>
   </div>
  </div>
 </body>
</html>
