2294 3780
228 186 446 239 GRATIARUM
463 186 571 241 oculo
590 189 754 240 IULIANO.
777 191 888 243 ae-al.
981 190 1044 254 269

68 334 218 419 publico,
256 338 388 420 uterque
418 336 582 400 Romanae
618 336 665 401 rei
697 337 845 421 publicae
882 338 1041 421 salutaris,

71 423 207 503 uterque
229 419 365 505 insignis
388 420 555 504 principiis
578 421 831 486 commodorum:
869 423 924 485 sed
946 420 1044 486 habet

73 503 197 585 aliquid
232 504 449 588 unusquisque
485 505 703 588 praecipuum.
758 506 806 569 illi
843 507 1043 571 consularem

71 590 268 671 potestatem
289 610 347 672 per
368 588 522 672 populum
549 593 758 673 acceperunt,
788 612 847 654 nos
870 612 927 674 per
948 590 1043 655 Iulia·

71 693 152 737 num
186 673 374 756 recepimus.
424 672 552 736 illorum
589 695 675 737 anno
711 675 842 739 libertas
881 679 951 739 orta
982 679 1068 759 ests

72 759 184 820 nostro
206 757 363 821 restituto.

136 839 256 905 XXXI,
287 840 349 906 Sed
371 841 447 919 sint,
471 841 673 906 sanctissime
696 843 878 926 imperator,
903 865 1042 927 eaquae

70 927 108 988 tu
130 924 215 988 iuste
235 924 399 989 moderate
415 924 553 989 ciuiliter
574 926 656 990 facis
678 926 750 990 aliis
765 926 848 992 forte
870 928 1041 993 miraculo:

70 1008 152 1073 mihi
177 1030 246 1073 esse
272 1031 339 1073 non
360 1013 497 1092 possunt
518 1011 573 1092 qui
594 1014 627 1074 te
652 1010 801 1075 omnibus
823 1014 973 1076 humanis
995 1014 1042 1077 ui·

70 1094 128 1158 tiis
150 1093 333 1158 absolutum
361 1097 393 1157 et
415 1093 551 1158 liberum
573 1095 671 1158 sciam
700 1093 768 1158 solo
790 1095 1041 1161 immortalitatis
1055 1117 1080 1157 ιο

71 1199 181 1242 amore
194 1176 343 1264 flagrare,
371 1177 516 1262 derigere
538 1199 649 1242 omnes
672 1199 748 1262 opes
772 1182 804 1243 et
828 1180 1041 1263 cogitationes

70 1265 145 1326 tuas
173 1261 215 1326 ad
241 1262 427 1326 memoriam
453 1263 652 1346 posteritatis
681 1267 843 1326 aeternam
871 1267 966 1346 atque
991 1263 1041 1328 his

70 1347 210 1410 maxime
239 1347 359 1410 seruire
386 1344 545 1411 iudicibus
578 1347 633 1430 qui
661 1346 700 1410 de
729 1347 823 1410 rebus
850 1348 950 1432 gestis
977 1348 1041 1411 tuis

71 1431 141 1495 sine
164 1430 236 1494 odio
258 1434 291 1494 et
304 1431 410 1515 gratia
428 1432 573 1494 uenturis
596 1431 731 1494 saeculis
745 1431 944 1495 indicabunt.
973 1453 1041 1495 non

70 1517 179 1600 potest
206 1515 376 1599 quicquam
409 1514 569 1579 abiectum
602 1520 635 1579 et
660 1514 780 1579 humile
813 1516 955 1613 cogitare
985 1517 1040 1599 qui
1054 1534 1078 1574 15

69 1600 133 1664 scit
154 1599 193 1663 de
215 1620 249 1663 se
272 1620 397 1683 semper
417 1599 618 1682 loquendum.
640 1621 766 1682 nuno,
789 1601 816 1664 si
838 1601 914 1681 t1bi,
942 1600 1040 1683 impe·

69 1686 174 1766 rator,
210 1704 324 1767 parum
358 1683 466 1766 ampla
498 1704 559 1747 neo
587 1683 799 1766 respondente
827 1684 948 1747 meritis
976 1684 1041 1747 tuis

70 1768 218 1832 oratione
236 1789 312 1832 usus
330 1767 473 1849 uidebor,
498 1789 614 1850 quaeso
630 1769 835 1852 obtestorque
849 1772 882 1832 te
896 1789 936 1834 ne
950 1789 1041 1833 meae

69 1852 252 1917 iuncturae
265 1852 373 1936 potius
389 1873 484 1999 poam
498 1852 713 1938 magnitudini
728 1853 956 1918 beneficiorum
970 1856 1040 1917 tuo-

69 1959 142 2000 rum
156 1939 249 2020 putes
265 1957 333 2000 esse
347 1936 390 2000 tri
412 1935 560 2001 uendum.
587 1959 691 2020 nemo,
707 1960 802 2002 nemo
817 1960 951 2021 usquam
966 1941 1042 2020 post
1054 1957 1080 1996 ao

71 2019 218 2085 homines
251 2023 346 2084 natos
379 2020 534 2103 ampliora
561 2022 703 2104 praemia
735 2044 754 2084 a
782 2022 911 2104 regibus
945 2024 1040 2103 atque

68 2104 316 2190 imperatoribus
344 2105 534 2169 consecutus
564 2108 626 2185 est,
654 2104 735 2166 nulli
757 2104 830 2186 plus
855 2105 960 2167 oneris
982 2103 1040 2166 im-

69 2190 220 2274 positum.
264 2210 332 2253 non
366 2189 505 2252 abnuam
538 2187 757 2270 praefecturas
791 2190 823 2251 et
856 2187 1040 2251 consulatus

69 2273 181 2338 multis
209 2294 277 2338 esse
301 2272 439 2354 delatos,
468 2271 524 2336 sed
545 2271 596 2335 his
622 2273 698 2355 post
719 2272 891 2335 immensos
913 2271 1039 2334 labores

68 2358 176 2423 honos
197 2358 289 2441 quasi
311 2356 437 2420 debitus
459 2357 627 2420 restitutus
649 2358 715 2419 est:
752 2353 848 2436 mihi,
881 2376 953 2418 cum
974 2355 1079 2418 iamac

69 2441 227 2507 honorem
254 2441 387 2525 adeptus
417 2441 493 2524 sim,
530 2462 616 2504 nunc
645 2438 772 2503 demum
805 2441 842 2501 ut
868 2438 1039 2502 meruerim

69 2526 280 2591 laborandum
308 2528 366 2589 est.
416 2547 509 2590 uersa
535 2525 659 2609 ratione
685 2526 880 2607 temporum,
913 2545 1039 2606 permu-

69 2614 140 2676 tata
162 2632 330 2674 munerum
352 2609 433 2693 uice,
456 2609 550 2673 modo
573 2608 757 2673 enitendum
777 2611 826 2672 est
847 2612 883 2671 ut
896 2609 1039 2692 praemio

70 2695 188 2780 dignus
217 2694 395 2777 existimer,
430 2715 501 2757 cum
528 2694 594 2757 iam
621 2693 797 2776 praemium
828 2694 976 2777 ceperim.
1021 2714 1040 2756 o

69 2780 150 2843 mihi
177 2779 314 2843 festinae
342 2777 579 2842 beniuolentiae
607 2780 682 2841 tuae
769 2778 934 2841 uissimum
961 2797 1038 2859 pon·
1052 2793 1078 2832 ³0

70 2864 146 2927 dust
184 2883 295 2927 uereor
316 2865 352 2926 ut
374 2865 483 2944 aperte
508 2862 684 2945 exprimere
728 2861 933 2925 ifficultatum
955 2881 1040 2923 mea·

69 2969 142 3012 rum
164 2947 311 3011 ordinem
332 2945 469 3010 ualeam,
507 2945 632 3010 facilius
656 2948 714 3029 est,
737 2946 922 3027 imperator,
947 2944 1039 3008 bonis

138 3239 154 3286 2
172 3236 307 3302 principis
324 3241 351 3286 tr
422 3237 451 3285 11
470 3235 589 3300 dirigere
607 3236 635 3281 Μ
663 3232 673 3298 {t
705 3236 736 3284 14
753 3234 916 3284 indicabunt
933 3236 980 3282 W:
998 3233 1040 3282 iu-

69 3303 204 3355 dicabunt
220 3306 243 3354 A
259 3305 280 3353 B
298 3308 316 3353 0
334 3305 356 3353 V
380 3303 384 3368 Ι
416 3305 447 3354 18
464 3307 491 3352 te
508 3319 554 3352 om.
572 3303 595 3351 A
614 3299 618 3365 1
638 3317 673 3350 ne
692 3303 840 3352 Acidalius:
858 3317 903 3352 om.
921 3301 949 3346 At
973 3296 983 3363 ΙΙ
1006 3301 1040 3350 20

69 3387 165 3434 nemo,
185 3387 266 3422 nemo
284 3387 399 3436 usquam
417 3371 441 3419 A
458 3370 549 3432 desp„-
567 3383 647 3419 nemo
666 3383 781 3433 usquam
797 3369 818 3417 B
837 3369 853 3417 0
871 3369 893 3414 V
910 3367 943 3415 W
961 3380 1039 3416 nemo

67 3454 200 3504 umquam
218 3441 276 3492 edd.
301 3437 311 3504 ΙΙ
340 3441 374 3488 24
390 3440 415 3487 is
432 3438 455 3486 A
472 3436 507 3486 iis
525 3442 584 3488 cett.
603 3434 609 3501 l
634 3451 759 3487 emensos
776 3437 799 3485 A
822 3433 832 3499 fl
856 3437 888 3484 27
906 3448 988 3483 uersa
1006 3459 1040 3470 —

65 3508 103 3558 28
121 3512 164 3558 est
182 3523 228 3558 om.
245 3507 269 3555 A
290 3504 301 3571 11
325 3509 358 3557 30
375 3504 529 3556 festinaad
553 3500 564 3567 ΙΙ
587 3506 618 3554 31
638 3500 682 3569 ut]
702 3518 737 3553 ne
755 3516 780 3551 v
800 3501 806 3565 Ι
825 3505 888 3566 apte
910 3501 1046 3551 Liuineius
