2294 3780
107 149 151 213 58
432 149 455 200 1.
488 147 518 202 c.
537 106 749 198 aninumr.

110 299 270 364 dicionem
291 301 327 363 ut
349 299 477 362 senatus
498 296 590 359 fauor
612 295 696 378 apud
711 295 890 440 principem
910 293 990 358 haut
1004 316 1076 377 pro·
1105 336 1108 340 -

110 385 167 466 sit,
197 387 232 447 at
252 381 390 446 noceat?
427 401 536 444 nonne
559 380 653 462 paulo
681 382 757 442 ante
779 379 814 441 ni
838 378 861 441 il
883 379 988 462 magis
1011 381 1075 442 exi-

110 469 186 532 tiale
209 469 278 531 erat
292 487 388 548 quarn
410 465 466 527 illa
480 464 633 548 principis
650 463 803 547 cogitatio
825 461 921 526 ‘hunc
944 467 1074 527 senatus

110 553 241 637 probat,
275 551 329 614 hie
362 549 489 613 senatui
522 569 612 612 carus
640 545 726 611 est'?
770 546 880 610 oderat
907 568 986 630 quos
1015 568 1074 611 nos

82 655 304 716 remanemus,
334 633 389 696 sed
417 635 449 696 et
474 654 534 696 nos
562 653 640 716 quos
664 632 729 696 ille.
774 652 860 696 nunc
882 631 967 694 inter
988 632 1074 714 prin·

111 721 214 802 cipem
237 720 445 801 senatumque
467 716 649 801 dignissimi
678 717 829 799 cuiusque
852 716 985 779 caritate
1009 737 1075 779 cer-

109 806 206 866 tatur.
256 803 511 865 demonstramus
543 802 696 883 inuicem,
734 800 891 864 credimus
923 800 1074 881 inuicem,

110 887 255 971 quodque
283 886 457 949 maximum
485 885 602 949 amoris
630 884 733 947 mutui
761 886 889 968 signum
913 888 975 967 est,
1006 905 1074 947 eos-

110 973 182 1036 dem
212 992 364 1035 amamus.
417 969 568 1053 proinde,
603 971 711 1052 patres
741 968 930 1050 conscripti,
965 968 1075 1032 fauete

70 1074 97 1114 ro
110 1059 236 1140 aperte,
267 1055 391 1140 diligite
413 1057 607 1117 constanter.
654 1053 806 1115 neniam
828 1052 1074 1116 dissimulandus

110 1145 159 1205 est
187 1161 275 1203 amor
308 1161 350 1203 ne
382 1142 512 1220 noceat3
553 1156 622 1199 non
648 1136 855 1219 premendum
887 1136 994 1199 odium
1032 1159 1074 1201 ne

108 1226 226 1309 prosit:
254 1223 364 1288 eadem
380 1221 497 1287 Caesar
519 1242 599 1304 quae
621 1223 749 1284 senatus
764 1219 880 1302 probat
901 1220 1075 1303 improbet-

110 1331 180 1392 que.
211 1329 268 1372 uos
291 1308 345 1371 ille
360 1308 554 1389 praesentes,
578 1325 635 1368 uos
658 1305 756 1368 etiam
778 1304 927 1368 absentes
948 1305 983 1367 in
1000 1325 1074 1368 con-

110 1394 181 1457 silio
203 1392 311 1455 habet.
340 1391 437 1454 tertio
462 1391 606 1454 consules
620 1389 698 1453 fecit
720 1409 797 1472 quos
819 1409 878 1451 uos
894 1387 1073 1472 elegeratis

70 1494 97 1535 15
111 1480 142 1541 et
156 1477 234 1540 fecit
255 1476 316 1539 hoe
331 1475 442 1539 ordine
465 1496 526 1558 quo
549 1474 643 1543 electi
664 1496 684 1537 a
697 1473 788 1537 uobis
807 1475 908 1536 erant.
937 1494 1073 1558 magnus

109 1565 241 1643 uterque
268 1559 371 1623 honor
398 1562 518 1640 uester,
552 1558 619 1620 'siue
647 1558 774 1620 eosdem
802 1557 939 1620 maxime
967 1557 1075 1640 diligit

110 1665 189 1728 quos
217 1643 278 1707 scit
304 1642 395 1705 uobis
424 1663 493 1705 esse
521 1640 701 1704 carissimos
731 1641 798 1703 siue
825 1641 889 1704 illis
912 1641 1074 1704 neminem

108 1728 266 1812 praefert,
299 1725 446 1809 quamuis
473 1725 611 1808 aliquem
638 1725 742 1808 magis
771 1727 873 1789 amet:
910 1725 1074 1808 proposita

110 1815 186 1875 sunt
205 1810 383 1874 senioribus
398 1810 550 1893 praemia,
572 1808 740 1871 iuuenibus
763 1809 922 1891 exempla:
945 1810 1073 1892 adeant,

69 1913 97 1951 20
109 1895 316 1979 frequentent
337 1915 464 1958 securas
478 1893 610 1957 tandem
626 1911 663 1955 ac
676 1896 824 1975 patentes
839 1893 966 1958 domos:
989 1894 1074 1977 quis-

109 1979 180 2062 quis
208 1978 361 2061 probatos
395 1978 518 2040 senatui
547 1978 633 2041 uiros
668 1977 815 2060 suspicit,
853 1977 907 2041 hic
936 1980 1073 2042 maxime

108 2062 287 2147 principem
314 2065 521 2145 promeretur.
566 2062 628 2125 sibi
660 2061 746 2124 enim
775 2082 953 2125 accrescere
981 2064 1074 2144 putet

108 2145 193 2231 quod
227 2146 339 2229 cuique
372 2146 552 2210 adstruatur
585 2145 769 2229 nullamque
801 2146 837 2208 in
865 2166 901 2208 eo
937 2145 1073 2228 gloriam

108 2231 201 2315 ponit
222 2230 308 2315 quod
336 2231 379 2295 sit
400 2231 548 2294 omnibus
571 2230 688 2313 maior,
716 2229 779 2293 nisi
802 2229 931 2292 maximi
952 2227 1074 2292 fuerint

67 2316 222 2399 aquibus
250 2315 353 2380 maior
381 2318 438 2380 cst.
482 2318 605 2398 persta,
637 2313 768 2395 Caesar,
798 2313 833 2376 in
860 2312 922 2376 ista
947 2313 1073 2376 ratione

50 2447 53 2453 ·
107 2401 265 2484 propositi
297 2400 440 2482 talesque
467 2421 528 2463 nos
556 2400 648 2463 crede
676 2399 780 2480 qualis
807 2398 895 2460 fama
923 2398 1073 2480 cuiusque

108 2486 165 2546 est.
211 2484 285 2547 huic
308 2505 410 2565 aures,
434 2483 510 2546 huic
532 2483 639 2547 oculos
661 2482 809 2545 intende:
832 2502 874 2544 ne
896 2482 1073 2565 respexeris

108 2567 324 2630 clandestinas
358 2566 609 2629 existimationes
644 2565 804 2649 nullisque
837 2566 941 2650 magis
978 2586 1072 2647 quam

108 2648 310 2714 audientibus
346 2649 536 2713 insidiantes
572 2669 724 2712 susurros.
775 2649 888 2714 melius
926 2648 1072 2713 omnibus

68 2751 95 2791 ao
108 2755 203 2818 quarn
235 2733 371 2819 singulis
408 2732 554 2797 creditur.
605 2733 724 2816 singuli
752 2735 839 2797 enim
866 2733 1012 2818 decipere
1042 2736 1074 2797 et

107 2819 212 2966 pecipi
233 2820 382 2902 possunt:
406 2838 500 2880 nemo
523 2837 642 2898 omnes,
665 2817 826 2882 neminem
849 2839 959 2882 omnes
981 2817 1073 2881 fefel-

121 2903 213 2966 erint.

176 3126 188 3173 1
209 3129 258 3174 ant
276 3124 362 3189 prosit
380 3127 428 3173 aut
446 3124 599 3183 noceatur,
621 3124 729 3173 conexi
751 3121 761 3188 ΙΙ
784 3124 801 3171 4
818 3137 868 3173 nos
886 3138 937 3174 am.
956 3137 992 3175 w:
1018 3138 1073 3172 non

105 3206 159 3240 am.
179 3193 206 3239 11
223 3189 233 3256 ΙΙ
250 3194 266 3242 ὅ
283 3192 420 3257 principes
432 3191 464 3238 W
481 3187 490 3254 ΙΙ
508 3193 523 3239 9
542 3189 632 3240 fauete
651 3193 668 3238 0
686 3187 697 3255 ss
716 3191 745 3239 16
764 3191 858 3256 ntique
878 3192 982 3255 Lipsius
1001 3189 1005 3251 l
1025 3189 1074 3239 ho-

106 3273 157 3307 nor
175 3274 221 3308 om.
241 3261 258 3306 0
275 3256 285 3323 ll
307 3261 337 3307 17
357 3258 437 3308 nobis
456 3259 473 3305 0
491 3255 501 3322 l
520 3258 552 3307 18
570 3258 711 3322 proposita
729 3259 749 3307 B
761 3257 806 3306 W:
828 3259 968 3322 preposita
986 3260 1004 3306 0
1016 3258 1038 3304 V
1058 3254 1070 3320 ll

106 3327 140 3376 20
158 3325 314 3391 frequenter
332 3327 349 3373 0
372 3324 382 3390 ll
407 3326 438 3374 21
458 3324 575 3387 suspicit
592 3325 738 3376 Liuineius:
766 3326 879 3390 suscipit
896 3327 923 3374 11
946 3325 956 3389 ΙΙ
980 3327 1012 3374 22
1031 3339 1074 3373 ae-

107 3403 214 3443 cernere
233 3390 327 3456 01117
347 3391 401 3442 hue
419 3407 498 3443 eures
516 3390 569 3442 hue
587 3392 680 3444 oeulos
699 3393 830 3443 Liuineius
846 3389 856 3457 ll
878 3394 908 3443 31
928 3392 1073 3442 fefellerint

106 3460 280 3511 Sctwarziue:
299 3459 498 3510 refellerentur
