2294 3780
401 133 565 185 'l‘RAIANO
584 135 619 184 n.
639 136 748 184 ss-eo.
1021 133 1064 198 35

94 282 218 365 eripere
240 283 290 345 tot
311 281 538 345 beneficiorum
560 283 751 365 occasiones,
774 284 840 346 tam
861 304 1063 347 numerosam

92 365 260 450 obligandi
286 366 528 512 imputandique
555 368 731 430 materiam.
772 366 942 450 indignum
970 369 1063 432 credo

94 451 122 513 ei
145 451 251 512 uisum
274 449 313 513 ab
359 451 466 513 omine
488 451 555 534 peti
577 451 660 533 quod
683 453 732 516 dei
754 450 925 515 dedissent.
974 472 1064 515 soror

93 535 171 597 estis
194 537 226 598 et
247 533 360 615 freter,
385 556 464 598 auus
487 538 520 597 et
540 538 690 617 nepotes:
720 535 796 618 quid
824 539 872 600 est
901 557 978 620 ergo
1008 557 1064 600 cur

91 618 213 702 rogetis
227 621 265 681 ut
280 618 371 681 sitis?
394 619 487 682 uobis
506 622 596 683 adest
611 620 637 682 is
653 620 708 703 qui
722 641 780 702 pro
797 624 902 684 cetera
925 642 982 684 sua
995 643 1062 685 mo·
1075 640 1089 679 s

92 702 261 767 deratione
288 724 355 766 non
382 704 489 766 minus
511 703 706 767 inuidiosum
728 706 822 787 putat
844 705 918 768 dare
939 704 1063 768 heredi-

90 790 195 850 tatem
224 808 320 869 quam
348 787 482 850 auferre.
527 788 603 851 laeti
631 809 708 872 ergo
731 788 816 851 adite
842 788 988 868 honores
1012 811 1062 853 oa-

91 873 212 954 pessite
240 871 421 935 ciuitatem:
451 873 612 936 neminem
646 873 707 936 hoc
734 873 980 937 necessitudinis
1009 874 1062 936 aia

91 959 224 1037 ruptum
239 955 327 1018 uelut
341 958 489 1019 truncum
505 959 766 1039 amputatumque
780 957 944 1021 destituet:
961 957 1063 1021 isdem

93 1060 205 1102 omnes
228 1039 342 1121 quibus
365 1045 439 1103 ante
462 1041 661 1123 pignoribus,
685 1040 740 1104 sed
766 1040 964 1105 honestiores
991 1063 1062 1124 per·
1075 1062 1101 1102 ro

91 1123 249 1187 fruentur.
294 1143 332 1186 ec
360 1145 401 1187 ne
428 1125 544 1187 remoti
572 1125 699 1208 quidem
729 1125 856 1209 iamque
885 1125 1062 1189 deficientis

94 1207 262 1271 affinitatis
291 1208 409 1290 gradus
447 1230 465 1270 u
493 1208 634 1291 qualibet
662 1210 841 1291 quantitate
875 1210 1062 1272 uicesimum

93 1292 211 1356 inferre
240 1295 403 1375 cogentur.
447 1293 560 1356 statuit
589 1294 675 1355 enim
709 1293 885 1356 communis
919 1293 1061 1356 omnium

94 1397 209 1457 parens
232 1397 388 1439 summam
411 1398 491 1459 quae
513 1377 719 1458 publicanum
740 1377 810 1459 pati
830 1379 947 1458 posset.

158 1458 222 1523 XL.
261 1460 390 1524 Carebit
411 1482 506 1524 ouere
528 1461 697 1524 uicesinrae
719 1481 819 1544 parua
842 1459 985 1524 eteritis
1007 1459 1060 1525 he·
1076 1481 1101 1522 rs

93 1543 210 1607 reditas
235 1547 283 1623 et,
313 1545 340 1607 si
362 1545 408 1607 ita
430 1547 540 1629 gratus
568 1544 659 1608 heres
680 1545 783 1627 uolet,
811 1547 880 1608 tota
907 1545 1060 1629 sepulcro,

93 1631 162 1691 tota
176 1628 282 1692 funeri
298 1629 431 1692 seruiet:
454 1650 548 1692 nemo
564 1630 757 1712 obseruator,
780 1650 874 1693 nemo
886 1630 966 1693 casti
991 1633 1062 1693 ator

94 1710 235 1776 adsistet.
281 1713 466 1795 cuicumque
499 1714 625 1778 modica
652 1713 788 1796 pecunia
817 1735 856 1776 ex
883 1713 958 1776 here
984 1714 1060 1777 'tate

93 1796 226 1859 alicuius
248 1797 423 1876 obuenerit,
452 1818 580 1862 securus
607 1797 725 1861 habeat
747 1798 934 1881 quietusque
961 1798 1060 1881 possi-

92 1880 175 1943 deat.
226 1902 263 1943 ea
291 1881 341 1944 lex
369 1881 538 1946 uicesimae
567 1882 652 1946 dicta
680 1884 728 1946 est
753 1886 790 1945 ut
817 1882 857 1946 ed
884 1882 1059 1965 periculum
1072 1901 1098 1942 ao

93 1965 161 2028 eius
183 1965 344 2047 perueniri
365 1966 430 2028 nisi
452 1966 565 2048 opibus
587 1988 655 2030 non
681 1967 793 2050 possit.
837 1988 991 2030 conuersa
1013 1970 1061 2030 est

91 2049 244 2131 iniquitas
272 2049 308 2111 in
329 2051 589 2133 gratulationem,
611 2051 729 2114 iniuria
755 2051 790 2113 in
818 2053 942 2114 uotum:
971 2054 1061 2133 optat

91 2132 183 2196 heres
206 2134 242 2195 ut
264 2133 447 2198 uicesimam
469 2134 592 2198 debeat.
623 2134 764 2198 additum
788 2136 837 2197 est
852 2137 889 2197 ut
910 2134 965 2215 qui
980 2135 1060 2195 eius-

91 2217 177 2282 modi
200 2237 237 2280 ex
262 2218 366 2281 causis
388 2219 423 2282 in
446 2218 530 2282 diem
559 2218 654 2282 edicti
682 2217 868 2281 uicesimum
897 2217 1058 2297 deberent,

91 2301 234 2364 nondum
270 2304 379 2365 tamen
412 2303 606 2381 intulissent,
640 2322 706 2365 non
739 2300 904 2389 inferrent.
956 2303 989 2362 at
1024 2300 1058 2362 in
1072 2319 1097 2359 ss

91 2386 299 2468 praeteritum
322 2386 491 2450 subuenire
513 2408 554 2449 ne
577 2385 609 2449 di
632 2384 759 2468 quidem
780 2385 929 2466 possunt:
955 2387 991 2447 tu
1012 2386 1060 2447 ta-

91 2491 166 2533 men
195 2469 373 2534 subuenisti
401 2470 576 2553 oauistique
604 2473 640 2532 ut
668 2468 827 2532 desineret
853 2468 985 2551 quisque
1008 2469 1059 2533 dc-

91 2552 166 2618 bere
182 2553 265 2636 quod
286 2575 352 2619 nort
367 2557 451 2618 esset
472 2558 583 2637 postea
601 2554 773 2635 debiturus,
794 2553 828 2616 id
843 2556 903 2636 est,
927 2552 1058 2618 effecisti
1131 2607 1134 2613 .

90 2659 131 2701 ne
165 2639 268 2701 malos
303 2639 464 2722 principes
498 2639 728 2703 habuissemus.
768 2659 829 2720 quo
861 2637 1004 2722 ingenio,
1032 2638 1059 2702 si

90 2778 296 2786 —————-———·

159 2847 174 2894 3
193 2844 232 2893 dii
249 2845 311 2894 add.
333 2857 369 2891 w:
388 2859 434 2893 om.
453 2845 515 2892 0W
533 2858 589 2894 nou
607 2845 627 2892 B
645 2848 745 2892 natura
763 2844 793 2904 V,
812 2845 897 2907 quiet
915 2841 1033 2890 dedisset
1053 2840 1057 2905 t

90 2925 167 2961 soror
179 2912 325 2961 Liuineius:
344 2925 452 2962 sorores
470 2908 548 2974 11114
565 2916 594 2960 et
612 2918 671 2960 ante
690 2925 759 2959 airus
777 2912 837 2961 adri.
856 2911 912 2958 BV
924 2906 962 2973 115
981 2923 1060 2971 roge·

90 2981 126 3028 tis
145 2979 214 3026 BV:
234 2979 324 3042 egetis
337 2981 369 3026 W
388 2978 486 3042 regitis
504 2980 521 3024 0
538 2975 542 3042 Ι
558 2977 636 3026 adest
653 2979 677 3026 is
695 2979 804 3039 scripsi:
822 2978 930 3031 estis!
942 2973 952 3041 ΙΙ
966 2978 996 3025 11
1015 2991 1059 3026 re-

88 3048 157 3095 moti
180 3049 287 3110 scripsi:
312 3047 444 3095 remotius
466 3047 493 3092 M
515 3049 636 3094 remotus
659 3046 717 3099 cdd.
747 3041 757 3108 ΙΙ
787 3047 819 3094 13
842 3051 975 3108 cogentur
996 3044 1058 3091 BV

88 3127 145 3161 ur:
165 3119 280 3179 cogetur
298 3127 324 3160 ιιι
341 3116 527 3177 cogereturw
557 3109 567 3175 ΙΙ
598 3113 630 3161 14
653 3117 749 3176 posset
767 3125 796 3176 ςε
825 3111 913 3175 possit
930 3112 957 3158 Μ
986 3107 996 3173 ΙΙ
1027 3112 1059 3159 15

89 3181 195 3230 carebit
216 3180 321 3230 honore
345 3181 468 3230 oneret
499 3176 508 3243 ΙΙ
540 3181 571 3228 16
594 3187 619 3229 ct
643 3181 674 3230 17
698 3183 785 3229 totam
803 3191 827 3226 w
856 3176 866 3243 κ
897 3180 928 3227 17
953 3177 1059 3227 seruiet
1098 3228 1103 3235 ,

67 3248 247 3298 >sichardus
266 3252 358 3298 seruet
374 3249 401 3294 Η
430 3244 440 3310 ΙΙ
470 3248 502 3296 18
521 3247 684 3311 cuicumque
707 3246 880 3296 Sctcoarzius:
904 3247 1059 3294 cuiuscum-

89 3331 142 3380 que
160 3315 331 3378 Hlmodica
349 3317 395 3362 W:
414 3313 488 3363 modi
507 3329 539 3363 ea
556 3315 576 3362 B
595 3315 653 3362 vo
683 3311 693 3377 ΙΙ
724 3315 755 3362 19
775 3327 888 3362 securus
906 3313 922 3360 0
940 3314 985 3359 W:
1014 3326 1057 3361 se·

88 3384 214 3432 rusBV
244 3381 254 3447 ΙΙ
284 3385 318 3432 24
336 3383 365 3431 in
382 3381 491 3432 idemc
515 3377 525 3444 ΙΙ
549 3383 583 3432 28
600 3396 656 3431 ιιοιι
674 3396 721 3432 om.
738 3378 829 3444 ulid
848 3384 891 3429 est
912 3379 1060 3428 Liuineius:

88 3451 164 3500 idem
181 3452 208 3497 Η

872 3529 907 3577 a·
