2294 3780
175 144 180 151 “
248 166 505 222 consulumue
523 120 694 223 idousro
713 172 746 221 o.
767 175 875 223 19-22.
983 172 1047 237 209

57 330 61 335 '
100 316 185 381 eiani
205 316 325 381 theatri
347 321 380 381 et
400 317 557 382 nobilium
578 318 779 383 lauacrorum
795 319 910 384 Rheno
933 323 965 384 et
982 322 1045 386 Da-

101 400 176 465 uuio
195 401 315 486 quippe
329 401 555 485 praetendunt,
578 403 726 467 excubias
742 407 854 488 agunt,
877 405 1046 470 latrocinia

65 560 68 564 ¹
117 486 594 633 dpesqudt'hoeffinldenique
617 488 943 637 cummqictoribustaut
959 490 1046 638 ciuildi

144 590 163 633 ο
189 591 241 633 mc
322 591 356 633 os
434 592 474 633 ns
509 591 580 633 com
604 592 680 634 aren
735 620 743 634 .
787 593 847 636 nec
910 595 983 637 men
1012 597 1024 637 1

115 653 122 666 '
161 673 194 717 m
227 652 330 717 uideri
356 656 477 737 potest,
515 592 602 718 cump
615 654 877 739 qualemcumque
909 658 1071 722 militems

65 750 68 755 ’
145 737 287 801 'ssimum
318 736 422 802 facias
451 742 522 821 tuo,
560 738 747 822 imperator,
781 742 935 824 exemplo
979 764 1046 807 non

63 890 67 897 .
120 820 165 885 im
186 821 289 886 fessus
311 821 441 905 proeliis
465 825 498 885 et
519 823 663 905 expletus
685 824 843 906 uictoriis,
872 830 908 889 ut
929 830 1046 890 nutura

112 908 158 988 rt,
190 905 256 971 otio
282 908 315 969 te
344 910 377 969 et
404 906 505 988 quieti
534 906 664 988 dedisti,
694 908 748 971 sed
777 908 886 973 eodem
914 909 1046 994 impetu,

101 1010 143 1053 no
163 988 305 1053 redieras
326 990 362 1052 in
377 988 499 1055 Gallias
516 992 599 1073 tuas,
622 992 788 1073 perrexisti
806 992 845 1056 ad
860 993 1045 1058 inferiorem

112 1073 273 1137 ermaniae
305 1072 457 1155 limitem,
496 1096 615 1157 magna
650 1074 773 1138 scilicet
808 1077 1046 1161 intercapedine
1060 1096 1085 1137 ¹⁰

146 1157 233 1241 poris
267 1178 305 1221 ac
332 1157 423 1221 breui
454 1156 595 1221 locorum
624 1158 777 1222 distantia
808 1163 881 1243 post
908 1183 1048 1226 annuam

52 1245 55 1249 ’
98 1240 316 1323 xpeditionenr
344 1241 455 1305 statim
477 1242 596 1305 bellum
624 1242 807 1326 auspicatus
834 1244 982 1307 aTiberi
1008 1246 1048 1309 ad

133 1346 244 1408 enum,
283 1326 381 1389 immo
414 1328 468 1407 (ut
499 1347 593 1389 omen
625 1329 658 1389 et
690 1326 865 1390 similitudo
897 1327 1047 1411 nominis,

97 1408 128 1473 ic
155 1412 188 1473 et
208 1413 279 1490 tna,
310 1409 483 1493 imperator
528 1409 716 1494 magnitudo
744 1411 844 1473 animi
865 1411 1047 1494 pollicetur)

43 1510 46 1514 ’
78 1514 100 1589 a
127 1492 230 1590 Tusco
257 1493 377 1557 Albula
407 1493 446 1557 ad
507 1495 702 1558 ermanicum
730 1494 838 1558 Albim
866 1497 1047 1579 prolaturus
1060 1512 1086 1553 1⁵

37 1636 40 1641 .
81 1597 260 1660 impenum.

145 1660 248 1725 XXII.
293 1660 447 1737 Quisnam
475 1661 536 1724 iste
564 1665 613 1725 est
634 1665 701 1726 tam
729 1664 899 1727 continuus
928 1664 1046 1728 ardor?

80 1765 161 1828 quae
176 1744 327 1808 diuinitas
342 1748 496 1828 perpetuo
518 1745 633 1830 uigens
648 1746 760 1810 motu?
783 1748 925 1811 omnium
941 1770 1048 1812 rerum
1104 1818 1112 1831 ¹

80 1828 254 1893 interualla
286 1831 371 1892 sunt.
416 1832 521 1893 cessat
553 1833 640 1893 terra
672 1831 860 1915 noualibus,
899 1832 1048 1897 dicuntur

19 1974 22 1979 .
80 1912 242 1977 interdum
274 1912 408 1976 flumina
439 1912 600 1997 resistere,
641 1915 688 1978 sol
716 1916 785 1999 ipse
816 1917 964 1981 noctibus
998 1939 1047 1981 ac-
1061 1933 1087 1975 20

15 2022 18 2027 ·
51 2070 54 2075 ¹
80 1997 232 2080 quiescit:
269 1999 320 2078 tu,
349 1996 580 2081 Constantine,
609 1998 696 2062 solus
722 2000 934 2083 infatigabilis
956 2001 1048 2065 bellis

10 2134 12 2139 .
80 2080 166 2145 bella
193 2079 378 2164 continuas,
405 2081 557 2145 uictorias
585 2082 729 2145 uictoriis
758 2084 910 2145 cumulas.
958 2083 1049 2166 quasi

80 2166 256 2250 praeterita
285 2165 352 2229 sint
373 2164 542 2229 obliterata
569 2165 596 2228 si
623 2165 783 2247 desideas,
812 2187 877 2228 non
899 2170 994 2248 putas
1015 2169 1049 2229 te

80 2249 197 2314 uicisse
224 2249 290 2313 nisi
311 2250 433 2313 uineas.
478 2252 608 2331 ruperat
629 2248 724 2313 fidem
746 2270 826 2332 gens
848 2249 927 2311 leuis
950 2252 982 2312 et
1002 2249 1049 2312 lu-

81 2332 173 2397 brica
200 2331 407 2397 barbarorum
436 2336 483 2415 et,
521 2332 634 2395 robore
666 2336 762 2415 atque
794 2332 928 2396 audacia
958 2332 1088 2396 lentisco

81 2415 786 2583 fllttttu?{lllllutlltztll{33
808 2416 1051 2565 nlltlttlb

791 2548 800 2583 ἰ

82 2585 267 2668 transitum,
289 2585 441 2650 terruisti.
471 2588 504 2648 et
524 2586 590 2649 iam
612 2585 771 2649 uidebaris
793 2607 860 2649 rem
882 2587 965 2650 uotis
987 2587 1051 2651 tuis

82 2668 200 2734 fecisse
223 2670 415 2734 contrariam
437 2667 521 2753 quod
536 2669 674 2734 inhibita
696 2669 863 2754 eruptione
884 2692 952 2735 non
967 2672 1052 2735 forst

152 2877 167 2923 1
185 2873 320 2925 nobilium
336 2874 472 2923 ncvw:
495 2873 626 2924 nouilium
643 2875 666 2921 A
683 2874 822 2927 usualium
840 2873 915 2923 Bert.
934 2870 939 2936 Ι
958 2878 985 2922 et
1003 2888 1050 2923 om.

81 2941 136 2989 so
154 2943 204 2993 del.
215 2956 241 2990 w
255 2940 261 3005 Ι
276 2942 404 2992 Danuuio
423 2941 524 3007 quippe
542 2957 604 3006 epo:
622 2941 795 3006 danubioque
807 2942 835 2989 Η
847 2938 886 3005 114
904 2939 998 2990 hostili
1015 2940 1051 2989 iis

81 3011 192 3073 scripsi:
210 3008 336 3059 hostibus
354 3009 380 3055 A
397 3008 544 3060 hostilibus
561 3010 694 3059 Acidaliae
708 3009 713 3073 Ι
728 3006 768 3074 id]
788 3008 824 3057 ad
836 3011 858 3056 A
870 3005 880 3072 ΙΙ
894 3011 908 3058 7
925 3008 1052 3058 uictoriis

83 3076 102 3124 0
120 3088 157 3125 w:
176 3076 327 3126 uictoribus
345 3072 395 3141 ΜΙΙ
414 3078 442 3125 11
462 3079 543 3127 malim
561 3092 609 3141 per
627 3082 768 3127 strenuam
786 3076 882 3141 exped.
900 3073 910 3141 ΙΙ
929 3077 959 3124 12
977 3074 1052 3125 bellu

85 3159 146 3207 epo:
165 3143 240 3194 bello
258 3146 286 3191 A
303 3142 378 3193 bella
393 3145 508 3209 Laupius
520 3141 531 3208 l
544 3146 575 3193 13
594 3147 624 3191 ut
643 3150 671 3194 et
690 3158 770 3193 omen
781 3142 836 3208 wll
851 3145 882 3192 14
899 3145 939 3193 sic
951 3143 983 3191 P.
997 3145 1052 3192 Da-

83 3212 150 3261 niel:
168 3211 205 3261 ait
222 3212 249 3258 n
261 3208 272 3275 ll
285 3214 317 3261 15
335 3210 425 3260 Albim
444 3213 517 3261 edd:
537 3210 628 3260 album
646 3212 672 3258 A
685 3209 695 3275 ΙΙ
709 3214 740 3262 18
758 3212 857 3275 ingens
874 3208 947 3274 Nl
959 3212 993 3261 20
1011 3208 1053 3260 sol

81 3280 144 3344 ipse
163 3278 255 3328 Bere:
278 3277 326 3328 sed
343 3279 404 3343 ipse
422 3281 445 3326 A
468 3278 515 3328 sed
533 3278 592 3342 ipse
610 3277 668 3328 dies
686 3279 815 3327 ΜΠ]
837 3278 895 3343 (sed
910 3280 937 3328 in
954 3278 977 3323 V
994 3277 1052 3327 dies

81 3347 198 3463 'talla
209 3343 407 3464 euticus
416 3342 747 3479 dictutus
762 3343 1055 3463 tuccessit

82 3428 153 3548 llll?
170 3476 231 3547 tua]
251 3484 282 3530 tu
299 3480 322 3529 A
338 3477 348 3545 Ι
365 3482 398 3532 28
417 3485 446 3532 et
462 3481 519 3532 ium
535 3429 679 3532 Liuineids:
699 3480 784 3530 etiam
795 3448 837 3540 '1,
855 3428 904 3529 uit.
923 3489 948 3526 w

131 3570 222 3613 Pure.
235 3579 290 3613 nr.
869 3562 911 3612 lta
