2294 3780
232 105 484 159 consraurrno
501 106 671 159 aueusro
691 109 724 158 n.
746 112 854 159 11-14.
964 110 1026 174 223

57 274 138 317 uero
161 254 496 318 commendabiliorem
516 256 633 319 iniuria
652 261 708 319 tua
729 256 829 320 faciet
854 261 1026 323 amentiam

58 337 145 402 eius:
187 339 312 402 auidius
344 342 496 421 expetent
527 361 622 422 quem
679 341 781 405 icture
812 363 879 405 non
912 343 1024 408 reddit.

56 422 269 505 flagrantiora
290 427 366 486 sunt
388 423 569 488 animorum
584 363 749 508 desideria,
773 447 845 489 cum
863 427 1026 491 oculorum

56 505 175 571 solstic
219 506 413 570 crdiderrmt.

206 640 213 653 .
235 590 326 655 Nihil
336 590 481 674 profecto
492 593 635 675 grauius,
651 593 733 657 nihil
744 595 900 675 miserius,
912 594 1024 675 Roma,
1038 614 1051 655 s

57 673 199 738 doluisti.
236 675 381 758 quemuis
403 676 567 740 recondite
591 676 677 766 [alte]
702 679 807 762 magis
852 701 972 743 emeres
995 690 1027 743 et

57 759 203 842 ingestos
231 759 347 823 cotidie
373 759 478 823 luctus
507 760 588 824 callo
611 762 750 845 quodam
778 700 950 827 obduratae
972 786 1026 846 pe

56 842 192 907 tientiae
228 843 418 924 sustineres,
457 843 623 908 confessus
660 849 709 909 est
745 868 779 909 se
815 848 1027 912 inconsultior

57 925 152 990 dolor
176 947 237 990 nee
262 927 372 991 timuit
397 928 607 1010 deprehendi,
636 932 668 993 et
695 930 778 993 male
806 932 904 995 eleusi
932 933 1027 1016 signa

55 1011 796 1162 tttnututtstnnullc
811 1015 1026 1164 ξξξξξξξ
1039 1036 1064 1075 ¹⁰

446 1145 455 1179 7
789 1149 797 1179 i

56 1180 352 1263 praestantissimus
384 1180 535 1264 princeps
568 1183 703 1246 iniuriae
736 1204 813 1246 suae
848 1183 1025 1266 neglegens

54 1263 171 1328 ulcisci
191 1267 263 1328 tuas
284 1264 405 1328 mallet.
433 1265 478 1329 ita
501 1266 605 1349 ambo,
628 1267 761 1350 benigni
782 1268 1026 1330 ratiocinatores

55 1347 249 1430 officiorum,
270 1349 361 1432 paria
382 1349 520 1414 fecistis:
553 1355 590 1414 tu
611 1354 686 1413 uoto
710 1372 772 1432 quo
795 1351 862 1414 solo
884 1351 1025 1433 ualehns,

54 1432 113 1496 ille
134 1454 243 1497 amore
264 1435 384 1517 pariter
412 1438 444 1496 et
465 1433 632 1514 facultate,
663 1437 699 1498 ut
719 1438 846 1499 tantum
867 1435 1064 1499 bonorum1⁵

55 1516 120 1581 tibi
150 1517 306 1581 tribueret
337 1520 491 1600 quantum
525 1522 558 1582 te
590 1519 652 1582 sibi
687 1518 768 1583 uelle
806 1524 1024 1602 cognosceret.

54 1602 212 1686 pugnasti
232 1603 342 1698 igitur,
366 1601 550 1685 imperator,
573 1607 700 1667 coactus
723 1604 860 1686 quidem,
886 1604 942 1667 sed
963 1603 1025 1667 hoc

55 1686 197 1749 maxime
229 1686 396 1750 uictoriam
428 1688 573 1750 meruisti
607 1688 683 1770 quia
714 1709 781 1752 non
811 1688 1023 1752 desiderabas.

56 1771 177 1853 optasti
198 1791 320 1853 pacem,
343 1770 398 1833 sed
420 1771 552 1854 ignosce
574 1772 602 1834 si
616 1772 688 1855 plus
709 1774 852 1837 omnium
873 1776 950 1836 uota
973 1794 1025 1836 ue-

54 1854 196 1919 luenmt.
239 1875 300 1918 nec
322 1854 379 1917 illa
401 1853 553 1919 diuinitas
579 1856 796 1921 obsecundare
818 1858 938 1941 coeptis
961 1858 1063 1920 tuisse

56 1938 154 2003 solite
175 1939 211 2002 in
231 1939 293 2001 hoc
313 1938 401 2002 refre
424 1941 477 2002 ata
500 1942 558 2022 est,
584 1940 640 2004 sed
662 1941 780 2024 aliquid
803 1963 842 2005 ex
865 1942 1026 2004 sententia

55 2026 113 2087 tua
134 2044 201 2087 non
223 2022 311 2086 dedit
331 2025 368 2085 ut
386 1959 458 2105 plus
480 2044 539 2105 pro
561 2025 685 2087 meritis
707 2025 813 2087 iniret.
840 2027 962 2107 negata
978 2027 1026 2085 est

57 2106 229 2172 concordia
250 2107 302 2171 cui
324 2112 394 2170 erat
415 2110 528 2190 parata
549 2108 693 2171 uictoria.

120 2190 209 2255 XIV.
259 2190 299 2254 In
331 2212 384 2256 ore
417 2192 553 2274 denique
586 2197 635 2255 est
670 2192 813 2256 omnium
848 2189 1025 2254 Galliarum

57 2277 216 2342 exercitus
238 2276 326 2339 uisos
348 2275 403 2359 qui
425 2296 459 2340 se
481 2275 637 2339 diuinitus
659 2277 774 2338 missos
795 2295 873 2357 prae
896 2295 930 2337 se
943 2273 1024 2337 fere·
1037 2290 1062 2329 re

55 2361 149 2425 bant.
178 2366 211 2424 et
232 2362 379 2444 quamuis
401 2360 552 2423 caelestia
573 2360 631 2422 sub
654 2358 762 2423 oeulos
783 2357 950 2421 hominum
972 2378 1024 2421 ue

55 2445 128 2542 nire
149 2466 225 2542 non·
238 2445 362 2541 soleant
383 2445 468 2527 quod
491 2465 630 2508 erassem
652 2446 686 2506 et
707 2441 901 2540 caligantem
923 2442 1024 2538 aciem

56 2530 194 2677 tili?
215 2528 271 2677 lt
293 2529 1025 2696 tittttsstttttttilttltttz

59 2784 231 2793 -n--——.-
243 2787 246 2791 .
254 2787 264 2792 -

127 2886 142 2934 1
162 2885 312 2934 amentiam
328 2886 407 2934 idem:
426 2883 590 2948 patientiam
602 2885 630 2930 u
646 2880 689 2948 112
709 2885 856 2946 expectent
866 2879 890 2928 A
906 2877 917 2944 1
934 2881 949 2928 6
969 2878 1024 2928 alte

55 2953 108 3003 dei.
127 2952 259 3002 Liuineius
282 2948 292 3015 1
317 2954 349 3003 10
366 2967 415 3015 per
433 2966 479 3002 om.
498 2952 531 2999 Vi
546 2953 550 3014 1
566 2951 718 3001 extiterunt
734 2963 759 2998 w
783 2946 793 3013 1
818 2950 850 2998 14
867 2947 980 2998 uolebas
999 2949 1026 2995 x

51 3016 63 3086 11
92 3020 124 3069 16
142 3019 310 3070 retribueret
327 3020 344 3066 0
370 3019 376 3082 1
402 3024 580 3083 cognosceret
598 3015 761 3081 (cognoscet
777 3016 811 3076 A)
831 3016 906 3066 Bert.
925 3028 964 3063 w:
983 3031 1025 3063 re-

52 3091 239 3151 cognosceret
256 3087 276 3134 Β
289 3089 306 3135 c
320 3087 341 3134 V
361 3084 371 3151 11
395 3087 429 3137 20
446 3087 579 3136 diuinitas
597 3085 671 3136 Bert.
690 3087 765 3134 ow:
785 3083 919 3134 diuinitus
936 3084 959 3130 A
970 3083 990 3130 B
1003 3083 1026 3130 V

55 3152 62 3220 1
81 3154 271 3204 obsecundare
291 3155 377 3218 ceptis
395 3152 469 3207 Bert.
484 3167 521 3202 w:
540 3152 695 3204 obsecunda
712 3153 832 3216 receptis
850 3152 878 3198 Ι
897 3148 908 3215 1
929 3152 961 3200 22
980 3148 1025 3198 de·

54 3221 100 3273 dit
116 3236 178 3286 epo:
201 3221 275 3271 cedit
292 3223 319 3270 Π
338 3221 437 3272 cecidit
454 3223 589 3272 Acidaliae
612 3219 617 3285 1
639 3221 724 3270 iniret
741 3226 902 3282 corruptum,-
920 3217 1027 3266 ueniret

54 3290 193 3340 Acidaliae
210 3289 295 3339 inires
313 3290 451 3341 Liuineius.
477 3289 541 3351 sort.
561 3287 717 3353 indulgeret
734 3290 775 3337 uei
792 3286 925 3336 tribueret
953 3281 964 3347 11
993 3284 1027 3332 28

53 3356 256 3408 illaABert.:
274 3372 320 3409 om.
338 3356 359 3405 B
377 3358 395 3405 c
412 3357 435 3404 V
452 3353 505 3421 W}
522 3359 550 3405 et
566 3372 614 3406 om.
631 3356 654 3403 V
674 3353 684 3420 1
705 3357 738 3405 29
755 3354 796 3403 ibi
813 3352 888 3403 Bert.
905 3348 1024 3400 aru:

54 3423 138 3476 illis
156 3422 336 3490 illedirique
354 3439 414 3490 epe.-
433 3423 580 3488 audirique
597 3424 625 3471 Ι
