2294 3780
384 160 546 212 TRAIANO
564 161 598 210 D.
623 162 734 212 55-56.
998 161 1038 226 51

70 330 149 372 num
172 307 331 391 exprimat
351 311 535 391 teneatque.
579 307 812 392 quodquidam
834 310 958 394 prolixe
980 312 1040 375 tibi

72 392 294 476 cumulateque
331 393 501 476 contingit,
539 391 628 456 euius
664 392 840 458 laetissima
874 394 974 458 facies
1008 399 1041 460 et

70 476 219 541 amabilis
241 476 348 540 uultus
370 477 405 541 in
428 477 570 540 omnium
594 476 712 540 ciuium
735 499 789 542 ore
811 478 911 543 oeulis
934 480 1040 544 animo

71 561 169 625 sedet.

133 642 218 708 LVI.
247 645 430 708 Adnotasse
444 665 502 708 uos
520 643 624 724 erede,
645 647 752 728 patres
768 646 951 730 conscripti,
973 647 1065 710 iams

68 728 189 792 dudum
210 750 261 792 me
282 750 348 792 non
364 728 481 812 eligere
501 749 581 810 quae
595 728 743 793 referam.
774 731 973 814 propositum
989 734 1038 794 est

70 813 158 876 enim
185 812 265 875 mihi
291 813 471 897 principem
498 811 640 892 laudare,
670 834 737 878 non
764 815 918 898 principis
940 815 1037 879 faeta.
1092 842 1096 848 ·

68 918 147 960 nam
174 896 348 961 laudabilia
374 897 475 960 multa
496 897 593 961 etiam
622 897 701 961 mali
723 898 855 982 faciunt,
877 899 946 982 ipse
968 899 1037 964 lau·

68 980 139 1044 dari
159 980 224 1044 nisi
246 981 386 1064 optimus
408 1002 474 1045 non
495 984 612 1064 potest.
645 1003 743 1065 quare
757 1005 824 1047 non
846 983 910 1046 alia
926 985 1036 1066 maior,

67 1065 243 1148 imperator
265 1068 411 1150 anguste,
433 1065 537 1149 gloria
559 1069 615 1129 tua
636 1087 731 1149 quam
754 1067 838 1149 quod
866 1068 1035 1151 agentibus
1050 1087 1075 1126 10

67 1149 127 1212 tibi
156 1150 275 1233 gratias
302 1148 386 1214 nihil
412 1149 583 1214 uelandum
611 1156 674 1233 est,
702 1151 785 1215 nihil
813 1152 1034 1216 omittendum.

67 1232 182 1316 ecquid
206 1237 254 1297 est
276 1235 363 1298 enim
391 1235 426 1298 in
448 1234 630 1318 principatu
658 1237 714 1298 tuo
736 1235 822 1317 quod
850 1235 1036 1317 cuiusquam

66 1317 262 1400 praedicatio
297 1318 348 1383 uel
382 1317 544 1382 transilire
581 1317 633 1382 uel
666 1317 867 1401 praeteruehi
896 1317 1036 1381 debeat?
1067 1365 1070 1371 -

65 1401 152 1484 quod
174 1406 383 1483 momentum,
407 1402 490 1485 quod
512 1403 609 1466 immo
631 1403 784 1485 temporis
805 1404 957 1485 punctum
980 1405 1036 1467 aut

66 1485 223 1550 beneficio
246 1486 353 1550 sterile
375 1491 431 1550 aut
451 1507 586 1551 uacuum
609 1485 726 1550 laude?
747 1507 814 1551 non
836 1487 945 1551 omnia
967 1486 1034 1551 eius
1048 1505 1073 1545 1⁵

66 1570 152 1633 modi
175 1573 212 1634 ut
237 1571 264 1633 is
287 1571 406 1654 optime
433 1573 465 1634 te
493 1571 640 1635 laudasse
668 1571 815 1635 uideatur
844 1570 898 1654 qui
924 1592 1033 1635 narra·

66 1653 150 1718 uerit
183 1653 391 1718 fidelissime?
422 1676 484 1738 quo
516 1655 554 1718 fit
588 1658 624 1718 ut
653 1676 752 1738 prope
780 1655 815 1719 in
841 1656 1034 1719 immensum

67 1737 263 1802 diffundatur
278 1739 380 1803 oratio
396 1761 476 1822 mea,
499 1742 531 1803 et
545 1738 682 1803 necdum
697 1739 736 1803 de
758 1739 887 1803 biennio
910 1739 1033 1821 loquor.

68 1842 164 1904 quam
192 1821 294 1887 multa
321 1822 387 1887 dixi
409 1823 448 1887 de
476 1823 703 1906 moderatione,
734 1828 766 1887 et
793 1828 912 1907 quanto
940 1823 1034 1907 plura

67 1905 171 1970 adhue
193 1907 330 1972 restant!
359 1911 396 1971 ut
422 1907 501 1971 illud
522 1908 607 1991 quod
635 1907 809 1972 secundum
832 1908 1033 1973 consulatum
1047 1927 1073 1967 ao

65 1991 223 2074 recepisti,
247 1992 322 2074 qnia
343 1992 493 2075 princeps
516 1995 548 2055 et
569 1994 661 2075 pater
683 1992 854 2056 deferebat.
893 1997 925 2056 at
946 1994 1034 2075 post-

66 2096 164 2158 quam
185 2075 226 2139 ad
248 2078 280 2140 te
302 2076 428 2159 imperii
451 2097 607 2140 summam
622 2080 655 2140 et
677 2097 748 2140 eum
764 2077 906 2140 omnium
928 2097 1034 2140 rerum

64 2161 134 2221 tum
156 2159 253 2223 etiam
281 2161 329 2223 tui
356 2162 547 2243 potestatem
574 2160 607 2224 di
635 2160 876 2237 transtulerunt,
903 2158 1034 2222 tertium

67 2243 270 2307 consulatum
298 2245 462 2326 recusasti,
491 2265 562 2308 cum
590 2267 608 2307 a
632 2264 684 2307 ere
716 2247 784 2306 tam
811 2243 931 2306 bonum
959 2262 1033 2304 con-

66 2326 167 2391 sulem
187 2349 309 2411 posses.
336 2349 487 2413 magnum
504 2332 552 2392 est
566 2264 692 2392 differre
707 2326 871 2407 honorem,
895 2325 1033 2408 gloriam
1046 2344 1071 2385 ar

65 2412 178 2475 maius
215 2415 343 2496 gestum
365 2413 567 2476 consulatum
589 2411 686 2476 mirer
708 2433 750 2474 an
772 2431 837 2474 non
852 2408 1034 2493 receptum?

66 2499 194 2579 gestum
215 2518 281 2560 non
302 2498 338 2560 in
358 2495 419 2562 hoe
440 2497 528 2561 urbis
551 2497 618 2561 otio
641 2499 673 2560 et
693 2496 809 2559 intimo
838 2494 911 2558 sinu
932 2493 1032 2578 pecie,

65 2579 121 2643 sed
146 2580 237 2644 iuxta
264 2580 417 2644 barbaras
445 2584 568 2666 gentes,
604 2584 641 2644 ut
667 2580 716 2645 illi
743 2579 892 2644 solebant
919 2579 1033 2663 quibus

65 2667 135 2727 erat
155 2665 254 2728 moris
275 2664 502 2748 paludamento
524 2668 649 2729 mutare
669 2666 868 2748 praetextam
890 2665 1032 2748 ignotas-

65 2769 126 2831 que
147 2751 250 2812 terras
273 2750 408 2813 uictoria
435 2749 534 2846 sequi.
571 2750 716 2833 pulcrum
744 2749 889 2832 imperio,
916 2747 1031 2832 glorio-
1045 2766 1070 2808 aa

65 2853 135 2895 sum
162 2833 234 2917 tibi,
265 2855 335 2896 eum
364 2837 396 2897 te
425 2834 504 2898 sumi
532 2836 626 2916 atque
648 2832 742 2897 amici
774 2854 831 2896 sua
859 2832 893 2895 in
915 2831 1031 2917 patria,

65 2917 130 2980 suis
166 2917 202 2982 in
239 2917 366 2981 sedibus
395 2917 551 2982 adierunt.
601 2918 714 2982 deeora
749 2916 855 2998 facies,
894 2914 1033 2980 consulis

64 3001 165 3065 multa
187 3005 263 3085 post
277 3002 404 3066 saecula
418 3001 560 3066 tribunal
582 3001 676 3066 uiridi
693 3000 831 3085 caespite
851 3003 1032 3064 extructum

133 3209 166 3257 12
186 3206 285 3272 enquid
303 3208 448 3257 Liuineius:
475 3211 516 3256 est
543 3205 609 3271 quid
632 3207 739 3254 OVW
758 3204 830 3270 quid,
858 3221 904 3255 oni.
931 3207 983 3266 est,
1011 3205 1031 3251 B

64 3275 248 3325 omittendum
266 3279 315 3326 est.
340 3275 404 3339 quid
422 3275 481 3324 edd.
507 3270 516 3337 ΙΙ
542 3276 573 3325 13
596 3274 805 3337 praedieatione
829 3271 875 3322 uel
897 3269 1033 3320 transiliri

63 3343 83 3391 B
113 3340 123 3407 11
153 3344 186 3393 22
205 3358 266 3393 eum
304 3347 361 3392 tum
385 3344 402 3389 0
432 3339 442 3405 ΙΙ
471 3342 503 3392 23
526 3342 728 3392 transtulerunt
751 3356 779 3405 ςε
804 3337 1033 3389 transtulerintc

64 3412 86 3458 V
104 3412 137 3460 W
155 3414 266 3462 transtu
277 3411 331 3461 erit
348 3411 368 3459 B
392 3407 402 3474 ll
425 3411 459 3458 24
476 3424 560 3473 agere
580 3415 673 3460 tamen
691 3413 749 3459 tam
766 3408 786 3456 B
805 3409 827 3455 V
851 3405 861 3471 11
885 3407 917 3456 27
937 3408 1033 3468 gestus

63 3479 98 3539 Η,
117 3492 224 3546 comg
253 3476 264 3543 ll
295 3472 459 3541 dedecora]
480 3475 637 3540 dequow

833 3552 867 3606 ῃ
