2294 3780
108 121 162 205 90⁴
365 121 402 173 11.
437 120 491 173 CL.
511 121 721 172 namuurum
739 120 819 172 PAN.

110 275 230 337 ctorem
251 273 292 351 et,
314 291 416 354 parua
430 273 508 334 tunc
523 269 598 334 licet
612 269 711 354 regia,
734 289 859 333 summa
879 271 988 333 temen
1002 268 1076 333 reli·

110 358 206 442 gione
221 359 404 439 susceptum
418 354 544 420 futurae
559 352 735 418 maiestatis
751 352 875 417 dedisse
888 352 1075 436 primordia,

109 445 146 507 ut
160 462 229 505 esse
243 442 353 523 posset
373 439 485 503 domus
501 437 675 504 Caesarum
696 459 777 521 quae
792 436 941 502 Herculis
962 437 1077 503 fuisset

109 524 293 609 hospitium.
324 524 392 588 iure
414 523 514 608 igitur
536 521 596 587 hoc
618 523 668 587 die
691 543 753 606 quo
774 521 964 586 immortalis
987 527 1077 587 ortus

80 609 259 674 edominae
280 609 428 693 gentium
450 607 590 672 ciuitatis
616 610 723 672 uestra
749 607 871 690 pietate
899 606 1077 678 celebratur

109 694 170 758 tibi
192 694 403 777 potissimum,
432 691 608 775 imperator
633 691 764 774 inuicte,
792 690 902 756 laudes
931 691 1076 756 canimus

110 780 143 841 et
164 777 285 863 gratias
308 778 443 862 agimus,
467 797 562 861 quem
584 775 758 840 similitudo
778 776 849 859 ipsa
869 776 980 860 stirpis
1002 779 1076 841 tuae

109 883 148 926 ac
176 860 225 924 uis
252 861 352 926 tacita
379 863 512 925 naturae
542 861 581 925 ad
602 859 825 925 honorandum
846 859 989 924 natalem
1012 859 1078 923 Ro·

109 967 181 1009 mae
208 945 292 1009 diem
320 949 388 1011 tarn
416 944 580 1008 liberalem
606 944 687 1009 facit
712 948 748 1008 ut
775 945 885 1008 urbem
913 943 1002 1009 illam
1030 944 1076 1009 sic

70 1047 97 1088 ro
111 1029 195 1093 colas
219 1029 391 1112 conditam,
416 1031 507 1113 quasi
528 1029 598 1112 ipse
620 1028 808 1093 condideris.
844 1050 956 1093 reuera
978 1029 1075 1112 enim,

109 1114 324 1178 sacratissime
356 1113 547 1197 imperator,
578 1113 693 1178 merito
749 1113 832 1178 uiuis
863 1116 896 1177 te
924 1116 1076 1196 tuumque

108 1198 387 1263 fratremRomani
397 1198 524 1282 imperii
540 1196 657 1261 dixerit
672 1135 867 1261 conditores:
884 1198 961 1261 estis
978 1198 1075 1280 enim,

110 1284 194 1367 quod
215 1288 263 1347 est
284 1283 475 1366 proximum,
497 1282 695 1346 restitutores
719 1284 763 1360 et,
792 1281 836 1345 sit
856 1280 933 1345 licet
954 1282 1007 1346 hic
1029 1281 1078 1345 illi

109 1368 182 1432 urbi
203 1367 320 1432 natalis
343 1367 421 1449 dies,
446 1366 529 1450 quod
556 1366 697 1450 pertinet
718 1366 758 1430 ad
780 1365 937 1450 originem
964 1366 1077 1450 populi

68 1467 97 1509 15
109 1451 257 1598 Rpmani
281 1453 381 1516 uestri
402 1451 529 1535 imperii
552 1451 648 1534 primi
668 1451 734 1514 dies
753 1453 830 1515 sunt
849 1451 1012 1533 principes
1035 1450 1077 1514 ad

111 1557 146 1599 sa
160 1539 258 1599 utem.

165 1618 208 1682 ΙΙ.
231 1618 336 1694 Quare
362 1618 390 1682 si
417 1640 504 1682 nunc
525 1617 646 1682 Romae
675 1637 785 1682 omnes
813 1618 1021 1702 magistratus
1044 1622 1077 1682 ct

108 1703 276 1786 pontifices
299 1705 332 1767 et
354 1702 532 1767 sacerdotes
560 1702 648 1766 iuxta
676 1705 825 1785 parentes
847 1702 935 1767 urbis
958 1704 990 1766 et
1012 1705 1076 1766 sta·

109 1791 196 1851 tores
217 1787 291 1851 deos
312 1785 461 1851 Herculis
483 1787 604 1870 templa
624 1790 829 1870 uenerantur,
853 1786 928 1870 quia
971 1790 1076 1872 artam

67 1889 96 1930 ao
110 1869 280 1954 aliquando
314 1893 353 1934 ex
386 1870 521 1935 uictoria
553 1870 705 1953 praedam
738 1892 757 1935 a
790 1871 921 1935 flumine
988 1871 1075 1935 ibero

110 1957 143 2019 et
165 1955 291 2019 conscio
313 1954 436 2019 occidui
465 1954 543 2018 solis
565 1975 684 2018 oceano
706 1953 747 2020 ad
768 1955 887 2039 pabula
909 1953 1076 2038 Tyrrhena

111 2038 301 2122 compulerit
323 2040 411 2105 etin
432 2037 580 2104 Palatino
602 2039 677 2124 iugo
699 2047 836 2104 uenturo
858 2039 919 2103 tibi
940 2039 1076 2122 relique·

108 2123 152 2187 rit
166 2124 319 2211 uestigia:
341 2128 463 2209 quanto
478 2123 610 2188 tandem
631 2123 737 2188 studio
759 2145 818 2188 nos
833 2123 887 2187 hic
911 2123 1074 2205 conuenit,

109 2208 164 2292 qui
184 2211 217 2273 te
237 2212 442 2294 praesentem
463 2209 625 2273 intuemur
644 2207 738 2273 deum
757 2211 826 2272 toto
848 2207 975 2291 quidem
998 2208 1075 2271 orbe

67 2309 96 2350 2⁵
109 2293 274 2378 uictorem,
298 2295 353 2359 sed
368 2316 454 2359 nunc
470 2315 543 2359 cum
555 2294 692 2358 maxime
713 2293 748 2357 in
769 2292 879 2357 eadem
901 2291 1075 2356 occidentis

108 2377 204 2462 plaga
236 2400 302 2443 non
334 2382 498 2463 pastorem
533 2378 620 2443 trino
655 2377 759 2462 capite
796 2376 985 2460 deformem,
1019 2377 1075 2442 sed

107 2462 289 2546 prodigium
300 2464 400 2529 multo
411 2463 543 2528 taetrius
553 2462 797 2546 opprimentem,
814 2459 964 2544 quicquid
982 2461 1074 2545 spiri·

107 2547 160 2607 tus
183 2549 215 2608 et
235 2548 322 2610 uocis
344 2547 528 2628 habeamus,
550 2567 645 2610 omne
659 2544 692 2608 id
714 2545 749 2609 in
768 2544 914 2609 laudibus
929 2545 993 2609 tuis
1008 2566 1075 2609 non

108 2648 264 2712 occupare
285 2629 389 2707 modo,
413 2630 478 2711 sed,
501 2630 529 2693 si
551 2650 601 2692 res
623 2631 747 2714 poscat,
770 2628 961 2694 absumere?
990 2630 1075 2694 unde

68 2731 96 2772 eo
109 2711 209 2796 igitur
231 2710 359 2776 ordiar?
387 2714 640 2778 commemorabo
669 2713 819 2778 nimirum
848 2714 970 2797 patriae
999 2717 1074 2778 tuae

108 2795 143 2859 in
158 2796 389 2879 rempublicam
403 2796 540 2863 merita?
563 2797 634 2880 quis
649 2797 734 2862 enim
756 2797 881 2862 dubitat
901 2798 978 2881 quin
993 2798 1074 2862 mul-

108 2881 151 2944 tis
174 2881 239 2945 iam
261 2881 412 2962 saeculis,
443 2903 481 2946 ex
531 2903 572 2945 uo
602 2882 686 2946 uires
713 2882 799 2946 illius
829 2882 869 2946 ad
891 2881 1075 2947 Romanum

108 2985 227 3029 nomen
243 2967 445 3048 accesserint,
469 2903 565 3030 Itilia
584 2966 712 3049 quidem
726 2968 770 3031 sit
784 2966 931 3051 gentium
947 2967 1075 3031 domina

107 3047 231 3134 gloriae
253 3051 423 3133 uetustate,
445 3051 499 3115 sed
514 3050 682 3116 Pannonia
702 3051 842 3116 uirtute?
866 3072 908 3114 an
930 3051 1074 3115 diuinam

178 3241 191 3287 1
211 3239 277 3289 licet
294 3241 396 3288 tunct
420 3238 430 3304 fl
454 3242 469 3291 8
489 3240 575 3290 tacite
593 3240 626 3288 W
649 3238 659 3304 ΙΙ
689 3242 720 3290 14
738 3241 859 3305 pertinet
877 3238 965 3290 Bert:
989 3240 1074 3305 perti-

108 3313 176 3357 neat
193 3305 321 3356 BGVW
339 3309 477 3372 pertinent
494 3309 528 3370 Δ;
555 3307 678 3358 Gruterus
694 3309 782 3358 induci
796 3309 882 3357 inoluit
908 3304 918 3371 ΙΙ
946 3309 977 3358 21
997 3306 1075 3371 thyr-

109 3375 209 3424 renaA
223 3375 256 3423 W
274 3374 385 3425 thirene
401 3375 422 3424 B
436 3375 618 3440 Vtyrrenac
647 3372 657 3438 ΙΙ
686 3376 719 3426 28
736 3375 867 3425 habemus
890 3375 949 3428 edd.
970 3372 974 3439 l
995 3390 1074 3425 omne

108 3441 137 3492 id
156 3446 186 3492 tu
204 3443 233 3493 in
251 3443 284 3491 W
307 3439 317 3508 11
341 3444 374 3494 30
391 3442 661 3494 commemoratore
690 3439 700 3507 ΙΙ
730 3443 762 3494 32
781 3441 816 3492 ad
834 3458 880 3493 oni.
899 3443 932 3490 W
