2294 3780
111 120 174 200 296
435 123 496 178 xrr.
527 119 660 173 arcam
678 122 757 173 rau.

111 271 261 354 quicquid
283 272 316 334 in
333 271 417 334 ciues
433 274 543 334 manat
563 293 582 334 a
597 271 741 354 principe
764 271 922 335 redundet
941 271 976 334 in
992 272 1081 354 prin·

111 356 230 438 cipem:
260 358 291 418 et
312 355 358 419 rei
381 358 413 418 et
434 356 541 418 famae
564 355 646 419 bene
669 356 807 418 consulit
828 355 997 419 munificus
1020 355 1078 418 im·

110 443 246 522 perator.
291 440 433 504 lucratur
456 439 541 503 enim
563 439 715 522 gloriam,
739 461 811 503 cum
833 438 887 502 det
907 441 1077 522 pecuniam

110 545 319 588 reuersuram.

85 628 97 668 5
174 607 325 671 XXVIII.
372 606 433 671 Sed
456 608 502 669 illi
525 607 651 690 quidem
674 607 773 672 stulta
796 608 899 679 omnis
921 608 1005 671 ratio
1029 629 1077 670 ca·

110 692 250 776 ptandae
264 692 369 754 laudis
385 690 560 755 uidebatur.
583 692 637 774 qui
648 696 776 775 praeter
790 692 923 755 insitum
962 692 1081 755 essimo

111 776 210 840 cuiuis
226 776 302 838 boni
319 778 536 859 contemptum
559 797 715 839 summam
729 776 918 839 felicitatem
937 714 1077 838 liabendi

111 881 148 923 ao
181 859 317 922 nocendi
342 859 406 923 fine
434 860 649 924 determinans
682 882 747 923 non
781 859 884 923 solum
916 863 954 924 ut
981 881 1079 942 quam

109 943 281 1026 plurimum
314 948 493 1028 quaereret,
527 946 582 1007 sed
610 947 647 1008 ut
673 944 756 1008 nihil
785 946 931 1027 cuiquam
963 943 1077 1026 reliqui

72 1028 230 1091 refaceret
251 1027 429 1099 laborabat.
473 1050 533 1092 nec
561 1029 663 1108 enim,
693 1030 746 1112 qui
768 1028 898 1113 regibus
926 1049 995 1091 mos
1019 1030 1078 1109 est,

110 1111 275 1175 exarandis
307 1113 501 1196 inuigilabat
534 1113 672 1177 metallis
708 1117 744 1176 ut
776 1112 910 1176 latentia
943 1114 1078 1175 naturae

106 1196 194 1259 'bona
222 1197 256 1259 in
279 1219 371 1260 usum
397 1201 573 1261 arcesseret
602 1200 633 1261 et
653 1200 784 1280 pararet
810 1197 960 1260 innoxias
987 1195 1082 1259 nullo»

108 1281 296 1363 pauperiore
325 1281 466 1345 diuitias
512 1303 624 1365 parum
658 1281 712 1344 ille
739 1282 913 1364 pretiosum
941 1279 1078 1363 putabat

110 1386 219 1428 aarum
242 1365 324 1448 quod
348 1366 386 1429 de
408 1367 565 1429 montium
587 1366 678 1428 uenis
701 1368 758 1429 aut
776 1365 943 1429 fluminum
958 1365 1079 1448 glareis

71 1466 96 1507 15
110 1450 270 1531 quaesitor
301 1449 419 1514 Bessus
454 1457 509 1513 aut
541 1454 698 1514 scrutator
727 1449 888 1513 Gallaicus
923 1449 1077 1513 emisset:

108 1533 188 1596 illud
209 1533 319 1616 purius
342 1534 601 1618 splendidiusque
625 1534 774 1598 credebat
797 1534 893 1617 [quod
915 1531 1079 1596 dedissent

109 1617 283 1765 dolentesp,
322 1619 406 1701 quod
435 1618 599 1682 hominum
628 1619 796 1699 lacrimae,
835 1639 902 1680 non
934 1619 1077 1680 amnium

108 1724 209 1785 aquae
238 1702 413 1766 aluissent
440 1725 499 1767 nec
528 1726 545 1766 e
570 1705 705 1767 terrenis
734 1703 889 1786 specubus
918 1704 1076 1784 egestum,

109 1786 163 1850 sed
186 1807 202 1848 e
225 1787 399 1850 ceruicibus
419 1788 599 1870 iugulisque
622 1808 784 1851 caesorum
807 1788 890 1850 esset
907 1787 1080 1849 ecfossum,

70 1888 95 1927 20
110 1869 170 1950 sic,
197 1891 267 1932 cum
290 1870 422 1933 immitis
444 1873 575 1952 tyranni
598 1875 630 1934 et
652 1871 743 1935 stilus
765 1872 932 1935 timeretur
955 1872 987 1932 et
1010 1869 1078 1953 gla-

110 1953 194 2033 dius,
222 1953 394 2017 transierat
421 1955 455 2016 in
484 1957 559 2018 uota
580 1959 751 2038 paupertas
779 1959 826 2037 et,
853 1957 889 2018 ut
910 1975 1078 2037 possemus

110 2037 249 2120 effugere
267 2038 458 2121 carnificem,
476 2039 666 2122 optabamus
682 2040 788 2103 subire
804 2042 968 2103 sectorem.
993 2038 1078 2186 quod

109 2121 136 2184 si
159 2122 209 2185 cui
231 2122 285 2185 ille
307 2144 365 2205 pro
388 2124 500 2187 ceteris
523 2125 694 2188 sceleribus
717 2124 781 2187 suis
808 2124 914 2187 minus
937 2144 993 2186 cru
1018 2123 1077 2186 elis

107 2206 207 2270 fuisse
234 2207 375 2290 uidetur,
407 2212 551 2272 uestrum
578 2209 621 2290 is,
654 2211 811 2290 uestrum,
847 2207 937 2271 Balio
965 2207 1077 2271 trium·

69 2308 95 2349 rs
108 2290 212 2374 phalis
235 2294 268 2354 et
287 2293 429 2356 trabeate
444 2293 664 2375 Merobaudes
687 2292 871 2356 recordetur
892 2291 1079 2356 interitum:

108 2397 242 2458 quorum
270 2374 350 2439 alter
371 2383 445 2459 post
467 2377 679 2459 amplissimos
708 2377 917 2460 magistratus
945 2379 978 2440 et
1000 2397 1076 2458 pur-

107 2481 204 2541 puras
229 2460 409 2523 consulares
437 2463 470 2524 et
493 2464 692 2525 contractum
714 2462 800 2524 intra
826 2483 922 2524 unam
945 2460 1075 2524 domum

108 2543 267 2625 quendam
288 2545 447 2608 honorum
475 2550 620 2609 senatum
642 2546 709 2608 uita
731 2566 800 2608 sese
822 2545 969 2608 abdicare
992 2566 1078 2608 com·

177 2764 189 2810 l
209 2762 344 2812 redundat
361 2766 395 2825 At,
415 2781 483 2815 corr.
501 2767 633 2816 Liuineius
650 2765 660 2832 ΙΙ
677 2770 692 2817 7
711 2767 798 2817 cuiuis
817 2765 978 2830 Sebefferas:
997 2766 1077 2815 cuius

78 2839 82 2847 ’
106 2830 133 2876 At
152 2831 212 2880 eius
223 2844 248 2878 w
262 2832 360 2894 cuique
372 2834 430 2884 edd.
447 2831 451 2896 Ι
468 2830 615 2898 &temptum
626 2837 733 2898 scripsi:
752 2833 902 2898 exemplum
914 2834 941 2880 At
958 2832 1077 2897 exempli

108 2896 196 2947 odium
217 2899 292 2964 Cusp.
305 2898 315 2964 ΙΙ
330 2901 364 2966 11.
379 2901 521 2950 exarandis
540 2916 578 2951 w:
597 2901 757 2952 exercendis
774 2902 801 2948 Π
819 2900 964 2966 egerendis
979 2901 1075 2950 Acida-

106 2967 153 3014 liae
172 2963 181 3028 ΙΙ
201 2968 231 3014 12
250 2969 455 3018 accresceretli
476 2971 667 3019 accesseretv
685 2968 905 3018 arcesceretAc
924 2970 1076 3026 are{csce·

106 3036 149 3081 ret
166 3032 199 3079 W
215 3029 224 3096 {l
243 3036 273 3082 15
293 3034 428 3098 gallaicns
445 3036 512 3084 BV:
532 3037 665 3100 gallaitus
683 3037 706 3083 A
724 3035 860 3100 galliaeus
879 3036 896 3083 (t
915 3033 1033 3098 gallicus
1051 3049 1079 3082 w

109 3095 120 3162 ll
142 3100 173 3146 16
192 3101 264 3163 quod
283 3101 422 3152 dedissent
442 3102 562 3153 dolentes
580 3105 600 3152 B
619 3106 635 3152 0
655 3105 676 3151 V
692 3104 726 3150 W
744 3103 845 3165 tabent,
865 3111 936 3152 recte
954 3118 1000 3152 om.
1017 3103 1040 3150 A
1060 3099 1073 3167 ll

107 3167 138 3215 19
158 3169 186 3214 et
204 3165 309 3215 fossum
325 3168 348 3215 A
368 3169 495 3218 effossum
515 3179 574 3222 cett.
602 3169 612 3235 ll
635 3174 668 3220 20
686 3171 800 3220 timetur
818 3169 851 3217 W
874 3168 883 3233 ΙΙ
908 3172 941 3220 23
963 3170 1009 3219 cui
1027 3168 1075 3218 ille

106 3231 236 3283 ruera:
263 3232 309 3282 ille
328 3237 372 3284 cui
391 3237 411 3284 B
430 3238 446 3283 c
465 3239 486 3285 V
504 3239 538 3284 W
560 3238 607 3286 ille
632 3239 676 3286 cui
693 3243 815 3288 uestrum
833 3250 857 3284 w
887 3236 897 3302 ΙΙ
927 3240 960 3287 24
983 3245 1075 3286 uirium·

106 3317 152 3366 pue
176 3306 297 3351 uestrum
321 3304 369 3352 del.
389 3317 414 3349 w
437 3300 442 3365 1
468 3301 505 3370 is]
525 3306 584 3356 sic
610 3305 612 3369 l
637 3304 717 3355 Balio
736 3311 768 3356 tr.
793 3308 821 3354 et
839 3305 967 3354 trabeate
986 3306 1075 3354 Mero·

105 3368 377 3503 laldqesnluffanus:
408 3370 500 3422 Uallio
525 3377 557 3423 tr.
585 3378 613 3422 et
636 3373 756 3422 trabeati
779 3372 952 3423 merobaudis
976 3369 1075 3435 (mero-

118 3453 152 3486 au
173 3452 195 3487 rs
