2294 3780
109 173 173 237 230
435 170 469 221 n.
500 168 649 221 rozuan
665 168 748 219 Pan.

110 342 259 405 eampum
284 320 350 384 late
380 319 538 383 iacentem
565 319 675 380 tantus
708 317 799 380 miles
828 314 1016 399 oppleuerat
1042 317 1080 377 ut

109 427 175 470 non
215 404 414 487 improbaret
449 401 597 465 fiduciam
638 401 693 485 qui
729 401 902 464 instructos
941 398 1077 462 uideret.

110 510 204 635 ‘lat
220 489 304 553 mm
332 485 956 634 lltlttttlit‘itssldfall
974 485 1079 628 pap

84 593 333 740 adddhodiddi
348 654 469 737 pariter
489 592 656 736 obsaeptii)
674 652 856 717 clibanariis
878 651 913 714 in
935 587 1079 714 eiercitu

109 761 227 804 nomen
241 743 299 803 est.
322 760 458 821 superne
468 737 651 801 hominibus
662 737 767 820 tectis,
782 756 932 820 equorum
945 737 1079 830 pectora

110 824 218 888 oribus
240 824 377 887 demissa
398 822 498 886 lorica
523 825 555 885 et
578 843 703 886 crurum
725 824 818 884 tenus
840 819 983 902 pendens
1007 839 1079 881 sine

109 909 337 990 impedimento
358 928 487 990 gressus
510 928 528 969 a
550 926 635 969 noxa
657 905 798 969 uulneris
819 902 1014 968 uindicabat.

173 990 294 1054 XXIII.
340 990 385 1054 Te
412 994 537 1072 tamen,
565 991 752 1072 imperator,
782 1010 848 1052 non
874 987 989 1050 terruit
1015 1007 1078 1049 nee

71 1096 97 1135 ro
110 1076 193 1157 quod
207 1078 300 1138 tanto
322 1075 520 1138 munimento
540 1073 722 1156 duplicabat
743 1076 904 1136 armatura
921 1075 1077 1134 terrorem

110 1179 171 1222 nec
181 1159 264 1242 quod
275 1159 341 1221 uim
353 1158 449 1222 armis
461 1179 612 1221 numerus
624 1157 770 1221 addebat.
793 1160 916 1221 eertum
928 1161 977 1218 est
988 1155 1077 1217 enim

108 1264 167 1325 pro
189 1243 312 1327 negotii
334 1244 427 1306 modo
451 1242 627 1305 animosam
650 1263 718 1305 esse
740 1241 906 1322 uirtutem,
929 1238 1014 1321 quod
1037 1260 1077 1301 ex

110 1327 215 1408 specie
230 1348 336 1390 rerum
352 1330 480 1410 captum
500 1348 593 1390 suum
607 1329 779 1408 temperat:
801 1325 837 1388 in
851 1324 959 1407 paruis
975 1343 1077 1405 prope

109 1411 148 1473 ad
170 1411 375 1474 securItatem
402 1410 550 1492 remissa,
580 1411 615 1473 in
643 1409 854 1473 medlocribus
882 1407 1004 1470 modice
1027 1407 1076 1469 in-

71 1494 245 1575 utentior,
274 1495 329 1557 ubi
356 1497 674 1578 megna'uenerunt,
702 1494 791 1557 iuxta
820 1491 1077 1576 magnitudinem

110 1577 300 1641 exanclandi
316 1578 421 1660 operis
437 1579 580 1662 erigitur.
609 1578 664 1641 illa
679 1598 840 1640 armorum
854 1574 1028 1640 ostentatio
1045 1577 1079 1637 et

109 1661 212 1743 operti
222 1661 308 1724 ferro
320 1661 488 1744 exercitus,
501 1663 556 1745 qui
566 1661 710 1726 imbelles
723 1662 831 1725 oculos
842 1660 1077 1739 uulnerasscnt,

108 1744 246 1808 inuictae
275 1749 398 1808 mentes
425 1745 650 1810 incitauerunt.
696 1745 795 1827 quid?
822 1744 905 1828 quod
933 1742 1076 1806 imbutus

109 1827 310 1908 imperatoris
333 1828 477 1909 exemplo
492 1829 570 1893 totis
594 1829 709 1892 animis
732 1829 798 1893 eius
818 1828 909 1892 miles
925 1826 1076 1904 ardescit,

70 1927 97 1968 ao
111 1930 182 1973 cum
198 1910 324 1974 inuenit
338 1909 472 1993 hostem,
493 1934 586 1996 quem
602 1913 689 1976 uinci
704 1911 852 1977 deceret?
881 1910 1076 1975 catafractos

109 1994 231 2077 equites
238 2041 246 2072 ,
276 1995 310 2057 in
333 1994 445 2078 quibus
467 1997 640 2060 maximum
662 1999 794 2060 steterat
814 2015 943 2080 pugnae
965 1994 1076 2076 robur,

108 2078 176 2160 ipse
196 2078 256 2142 tibi
279 2079 387 2143 sumis
415 2078 466 2143 his
486 2081 654 2164 discipline
674 2081 840 2164 pugnandi
863 2082 911 2143 est
932 2083 977 2160 ut,
1001 2098 1076 2141 cum

108 2162 208 2226 aciem
231 2164 453 2248 arietauerint,
482 2169 613 2230 seruent
634 2164 853 2248 impressionis
875 2166 1019 2226 tenorem
1043 2165 1079 2225 et

107 2245 258 2310 immunis
280 2248 463 2330 uulnerum,
486 2248 635 2333 quicquid
658 2249 854 2332 oppositum,
880 2247 949 2310 sine
972 2245 1077 2309 haesi·

69 2345 95 2386 ’ὁ
108 2332 231 2395 tatione
252 2335 470 2415 perrumpant.

170 2413 290 2479 XXIV.
342 2415 404 2480 Sed
434 2420 484 2494 tu,
518 2417 694 2498 imperator
722 2415 983 2498 prudentissime,
1018 2414 1076 2496 qui

107 2519 216 2561 omnes
234 2497 375 2563 bellandi
397 2500 466 2563 uias
488 2521 610 2582 nosses,
633 2521 725 2582 opem
747 2521 785 2562 ex
807 2499 939 2583 ingenio
961 2518 1076 2580 reppe

106 2581 194 2644 risti:
229 2582 313 2664 quod
335 2584 531 2646 tutissimum
554 2589 597 2648 est
624 2584 749 2647 eludere
772 2605 851 2666 quos
875 2585 925 2646 est
946 2580 1075 2644 diffieil-

108 2663 220 2727 limum
242 2665 413 2747 sustinere,
448 2665 577 2729 diducte
599 2668 667 2730 acie
688 2671 724 2732 in
745 2666 993 2731 inreuocabilem
1014 2666 1075 2729 im·

177 2871 187 2918 1
208 2868 264 2918 lete
282 2871 328 2918 W:
346 2868 408 2918 laxe
426 2870 633 2920 Anevnert.
651 2868 694 2934 [14
712 2872 774 2920 uisu
792 2888 837 2922 om.
857 2868 901 2935 011
922 2872 937 2921 5
955 2870 1077 2920 hominis

106 2938 142 2996 Π,
161 2951 229 2985 corr.
247 2950 272 2984 w
300 2935 310 2999 ΙΙ
340 2938 355 2985 6
373 2936 527 2986 hominibus
544 2939 652 3002 scripsi:
671 2939 798 2989 omnibus
815 2941 843 2986 Η
863 2940 866 3000 Ι
887 2942 1002 3003 pectore
1020 2938 1076 2988 ori·

105 3002 157 3052 bus
173 3005 282 3065 scripsi:
301 3002 458 3066 pectoribus
476 3005 503 3051 n
524 3001 534 3068 ΙΙ
556 3008 588 3055 10
605 3006 772 3056 munimento
789 3009 898 3070 scripsi:
915 3021 1029 3056 numero
1047 3005 1076 3053 11

107 3065 120 3133 ΙΙ
150 3071 180 3119 11
200 3070 271 3118 enim
289 3071 374 3122 coac
403 3067 413 3132 ΙΙ
444 3073 476 3121 13
494 3072 586 3135 speeie
606 3071 675 3136 (spe)
693 3075 802 3136 scripsi:
825 3087 853 3123 se
870 3075 898 3121 Π
916 3074 985 3123 serie
1004 3086 1030 3122 v
1059 3070 1072 3137 ΙΙ

105 3135 138 3185 10
156 3135 320 3186 exauclandi
337 3136 360 3184 Δ
379 3136 507 3187 exulandi
525 3140 542 3185 0
562 3139 682 3190 audendi
699 3154 724 3188 w
741 3138 751 3205 ΙΙ
769 3143 801 3191 18
819 3140 885 3205 quid
901 3156 963 3205 epo:
981 3156 1028 3191 om.
1046 3141 1076 3189 Π

107 3199 119 3267 Η
139 3204 172 3252 22
190 3202 239 3252 tibi
258 3219 304 3254 om.
322 3203 345 3251 Δ
360 3201 364 3265 Ι
379 3210 410 3253 nt
428 3206 598 3255 Areuanias:
617 3223 663 3257 om.
682 3209 710 3256 II
730 3206 740 3272 ll
760 3210 793 3258 23
812 3208 1049 3273 impressiones!
1069 3204 1073 3271 Ι

104 3275 237 3320 terrorem
254 3283 279 3317 w
300 3268 310 3333 11
330 3272 364 3319 24
382 3270 489 3321 innume
507 3272 530 3320 Δ
547 3274 679 3325 immunes
697 3289 722 3323 w
737 3280 742 3338 Ι
758 3274 886 3340 quicquid
903 3277 925 3323 Δ
941 3288 979 3324 v:
999 3273 1076 3337 quie·

103 3350 185 3453 puram
204 3343 263 3388 cett.
288 3335 298 3402 ΙΙ
324 3338 356 3386 ‘28
374 3342 416 3388 cst
433 3340 509 3389 edd„-
527 3355 573 3389 om.
593 3343 621 3389 Π
644 3339 649 3406 Ι
673 3342 819 3393 elideret(
835 3342 910 3391 Bere.
937 3358 971 3391 un
988 3341 1076 3392 ediul-

122 3403 210 3467 ere.’l
235 3419 303 3469 quos
319 3405 460 3470 laeperuc:
479 3406 550 3472 quod
567 3408 594 3456 Ι
622 3407 633 3473 ΙΙ
662 3411 695 3461 29
713 3409 832 3459 deducta
849 3410 870 3457 B
888 3410 906 3456 0
923 3409 946 3456 V
964 3408 997 3456 W
1018 3406 1023 3474 Ι
1044 3410 1076 3459 in

105 3469 244 3523 mutans:
262 3488 309 3523 om.
328 3475 356 3521 Ι
371 3477 375 3540 Ι
390 3473 569 3525 irreuocabili
585 3474 692 3541 impetu
708 3490 734 3526 v
