2294 3780
405 148 565 200 rumino
584 149 616 200 n.
635 151 711 202 a-a.
1018 148 1040 211 9

73 298 202 381 Caesar,
231 319 305 361 mox
332 297 510 380 imperator
544 300 576 361 et
610 319 739 362 consors
767 298 956 362 tribuniciae
984 320 1040 382 po·

70 384 199 446 testatis
227 384 261 445 et
283 382 392 445 omnia
412 381 533 464 pariter
556 385 588 445 et
609 382 718 447 statim
746 384 851 447 factus
880 403 929 465 es,
959 404 1039 466 quae

70 464 215 615 lurdfime
237 487 354 549 parens
376 487 470 529 uerus
492 468 618 530 tantum
640 467 675 530 in
691 467 826 531 alterum
848 467 949 530 filiurn
965 487 1039 530 con-

134 634 193 699 IX.
217 634 370 718 Magnum
382 633 443 698 hoc
454 636 527 698 tuae
545 634 773 699 moderationis
788 635 939 699 iudicium
956 635 1070 719 quoda

70 741 138 784 non
174 720 277 783 solum
305 739 467 782 successor
495 719 622 802 imperii
660 720 726 783 sed·
747 720 909 802 particeps
942 721 1039 784 etiam

71 805 241 887 sociusque
267 803 427 886 placuisti.
468 824 544 866 nam
577 824 750 886 successor,
787 803 911 867 etiamsi
945 804 1038 883 nolis,

72 888 243 953 habendus
271 891 333 971 est3
363 908 431 950 non
454 889 503 950 est
524 886 690 951 habendus
713 886 826 970 socius,
855 888 919 951 nisi
949 889 1038 951 uelis.

70 972 245 1037 credentne
267 972 388 1055 posteri
409 971 546 1054 patricio
562 975 595 1035 et
618 972 777 1036 consulari
799 977 832 1036 et
852 972 1038 1056 triumphali

69 1061 164 1141 patre
186 1056 342 1140 genitum,
366 1077 438 1119 cum
457 1056 667 1120 fortissimum
684 1056 914 1139 amplissimum
930 1078 1038 1119 aman·
1053 1075 1084 1114 io

69 1142 232 1205 tissimum
261 1140 310 1204 sui
341 1140 513 1203 exercitum
547 1144 684 1225 regeret,
717 1142 942 1224 imperatorem
972 1163 1040 1204 non

70 1226 112 1289 ab
141 1225 282 1289 exercitu
308 1224 454 1288 factum?
489 1224 601 1304 eidem,
630 1247 702 1289 cum
731 1225 922 1288 Germaniae
950 1246 1040 1307 prae-

69 1310 202 1391 sideret,
221 1309 403 1374 Germanici
425 1329 543 1372 nomen
565 1309 643 1372 hine
659 1308 815 1372 missum?
838 1308 920 1371 nihil
935 1309 1040 1390 ipsum

70 1399 109 1458 ut
130 1395 307 1478 imperator
328 1394 419 1457 fieret
441 1393 603 1476 agitasse?
630 1391 713 1456 nihil
734 1392 849 1455 fecisse
870 1392 933 1455 nisi
955 1391 1040 1475 quod

70 1479 188 1543 meruit
210 1481 242 1542 et
263 1477 393 1562 paruit?
414 1477 549 1560 paruisti
572 1477 668 1559 enim,
693 1475 821 1560 Caesar,
845 1480 877 1540 et
891 1475 930 1540 ad
952 1476 1039 1560 prin·
1054 1495 1085 1533 ι’)

71 1563 214 1647 oipatum
249 1563 400 1646 obsequio
433 1561 619 1645 peruenisti,
648 1560 793 1645 nihilque
826 1561 930 1646 magis
958 1583 977 1624 a
1008 1565 1040 1624 te

71 1649 218 1711 subiecto
253 1648 359 1710 animo
394 1645 516 1709 factum
554 1649 603 1710 eat
637 1668 732 1729 quam
765 1646 850 1731 quod
883 1647 1041 1728 imperare

71 1731 221 1814 coepisti:
254 1733 320 1794 iarn
342 1730 471 1814 Caesar,
495 1732 559 1794 iam
582 1732 764 1815 imperator,
787 1731 851 1794 iam
875 1729 1040 1794 Germani-

72 1837 139 1899 cus,
162 1816 278 1880 absens
300 1819 333 1879 et
359 1815 491 1900 ignarus
514 1819 547 1879 et
567 1818 643 1900 post
663 1818 755 1879 tanta
775 1815 918 1895 nomina,
941 1835 1041 1898 quan-

70 1904 144 1964 tum
166 1900 207 1963 ad
227 1904 260 1964 te
282 1900 432 1984 pertinet,
455 1900 612 1983 priuatus.
649 1921 803 1984 magnum
818 1899 988 1981 uideretur,
1012 1897 1039 1961 si
1053 1914 1084 1954 20

72 1985 214 2049 dicerem
248 1985 397 2048 ‘nescisti
429 1988 463 2046 te
495 1984 721 2066 imperatorem
754 1984 929 2047 futurum’:
970 2003 1040 2045 eras

71 2069 247 2152 imperator
275 2074 307 2132 et
336 2090 404 2132 esse
432 2071 464 2131 te
491 2069 667 2132 nesciebas,
705 2071 742 2131 ut
763 2089 838 2132 uero
861 2069 900 2130 ad
923 2071 955 2130 te
978 2068 1040 2129 for·

71 2158 172 2217 tunae
193 2159 267 2216 tuae
289 2153 422 2216 nuntius
444 2154 545 2235 uenit,
570 2153 710 2216 malebas
733 2152 861 2234 quidem
889 2150 950 2213 hoc
973 2170 1041 2213 esse

73 2237 160 2321 quod
187 2237 305 2321 fueras,
334 2237 389 2300 sed
416 2258 484 2300 non
513 2240 582 2301 erat
609 2237 755 2300 liberum.
793 2257 834 2297 an
862 2255 928 2296 non
951 2233 1040 2295 obse-

73 2322 216 2407 quereris
237 2321 376 2405 principi
399 2321 487 2402 ciuis
511 2321 636 2404 legatus
658 2319 852 2402 imperatori,
880 2317 964 2379 filius
986 2338 1040 2398 pa·
1054 2332 1085 2372 2⁵

71 2406 139 2469 tri?
173 2405 229 2468 ubi
257 2406 372 2469 deinde
406 2404 601 2488 disciplina?
633 2403 688 2467 ubi
715 2423 783 2466 mos
817 2424 836 2466 a
867 2400 1041 2465 maioribus

71 2491 221 2570 traditus,
250 2491 468 2574 quodcumque
497 2490 672 2573 imperator
700 2509 815 2551 munus
846 2487 1040 2570 iniungeret,

72 2596 177 2658 aequo
211 2577 319 2638 animo
352 2577 527 2658 paratoque
562 2572 741 2638 subeundi?
774 2571 850 2655 quid
884 2570 980 2654 enim,
1014 2571 1041 2635 si

72 2659 258 2742 prouincias
281 2681 320 2722 ex
341 2659 527 2742 prouinciis,
557 2680 595 2721 er
618 2657 710 2722 bellis
738 2657 823 2721 bella
848 2653 1042 2719 mandaret?

73 2745 172 2808 claret
205 2743 316 2806 eodem
343 2743 435 2806 illum
462 2745 509 2806 uti
537 2743 614 2825 iure,
643 2763 715 2806 curn
743 2741 784 2803 ad
812 2740 981 2823 imperium
1009 2742 1041 2802 te
1054 2756 1085 2795 ao

72 2831 177 2905 uocet,
208 2849 272 2910 quo
300 2827 342 2891 sit
364 2848 448 2910 usus,
477 2849 550 2890 oum
577 2827 617 2888 ad
640 2825 814 2890 exercitum
836 2823 969 2906 miserit,
993 2825 1042 2886 ni-

143 3003 159 3050 3
176 2997 293 3065 tantum]
315 3003 406 3049 tamen
419 3000 440 3047 Β
451 2999 484 3046 W
499 2994 503 3061 1
519 2996 667 3047 contulerit
678 3012 696 3045 u
715 2996 865 3046 contulitur
882 3009 933 3044 mr
945 2993 983 3059 115
1000 2995 1042 3044 iu-

74 3068 176 3117 dicium
194 3083 255 3130 epo:
273 3066 405 3116 indicium
423 3067 451 3113 Μ
463 3064 501 3130 116
520 3064 607 3114 solum
626 3082 671 3115 om.
689 3065 722 3112 W
738 3061 748 3128 11
765 3067 779 3114 7
798 3064 878 3114 nobis
895 3064 915 3110 B
933 3064 966 3111 W
982 3060 991 3125 1
1009 3065 1041 3112 13

72 3135 139 3184 huie
156 3136 176 3183 B
194 3136 217 3183 V
236 3131 248 3199 11
270 3137 300 3184 17
322 3135 448 3185 subiecto
468 3133 559 3182 animo
577 3147 606 3196 ςε
631 3133 749 3182 subiecti
767 3131 856 3180 animo
875 3133 902 3178 Η
924 3122 1051 3179 subiecti'

74 3201 296 3252 inimicaraneue
309 3199 318 3264 11
333 3203 363 3251 18
375 3203 455 3249 malim
464 3200 594 3264 recepisti
606 3197 616 3264 11
629 3202 662 3250 20
672 3199 831 3264 pertinebat
842 3200 935 3247 mauolt
942 3198 1042 3246 Keilius

75 3270 79 3327 1
98 3268 240 3319 uideretur
257 3285 304 3318 om.
323 3269 343 3316 B
361 3268 487 3318 uiderent
507 3264 592 3331 01123
610 3267 725 3316 aduenit
741 3264 785 3331 13ss
798 3267 830 3314 24
852 3281 905 3315 non
924 3281 970 3316 om.
990 3265 1007 3310 c
1028 3260 1039 3328 11

72 3339 107 3387 29
126 3337 272 3386 mandaret
291 3335 380 3386 claret
397 3337 505 3400 scripsi:
528 3335 673 3385 mandaret
690 3335 717 3382 Π
735 3333 887 3383 mandaret.
925 3336 1045 3396 apparet

71 3405 207 3470 Hauptius
225 3405 314 3454 Herna
338 3403 362 3452 V
378 3420 404 3466 p.
422 3406 456 3453 26
480 3399 489 3468 11
513 3405 546 3454 30
563 3401 640 3452 illum
659 3402 749 3466 drap:
768 3400 817 3450 illo
834 3402 861 3446 H
885 3396 891 3464 1
914 3403 942 3449 te
961 3400 1046 3446 uocet

70 3471 206 3523 Boudicca:
225 3475 338 3522 reuocet
355 3473 391 3520 1.
850 3478 857 3486 ·
