2294 3780
292 169 504 221 rmxlrflauo
523 169 694 221 AUGUSTO
713 169 748 220 D.
770 173 876 222 13-14.
1006 170 1064 232 101

98 318 146 383 illi
161 318 249 383 facta
263 318 468 398 demonstret,
491 340 548 382 uos
569 317 799 384 identidemt
766 323 799 384 et
814 341 939 417 semper
960 322 1066 384 osten-

98 404 156 468 dat
177 407 363 487 praesentes
391 407 424 467 et
446 367 583 487 optimos
606 404 829 502 imperatoriae
852 404 1067 469 institutionis

98 491 254 552 auctores.
299 489 428 552 interim
450 491 559 552 tamen
582 492 629 569 te,
652 489 798 572 gentium
821 489 966 570 domina,
991 509 1066 586 quo·

99 574 187 636 niam
215 571 300 636 hunc
327 572 565 657 optatissimum
592 573 771 656 prinoipem
799 574 834 637 in
859 537 972 638 Gallii’s
1002 573 1066 636 suis

98 657 219 722 retinet
240 658 322 721 ratio
345 657 555 740 reipublicae,
578 678 785 740 quaesumus,
810 658 837 721 si
859 658 929 721 fieri
950 660 1093 741 potesta

98 763 141 806 ne
169 741 245 805 huic
272 741 418 805 inuideas
445 741 584 824 ciuitati,
614 743 663 805 cui
692 763 779 806 nunc
807 743 861 806 ille
890 742 1067 806 similitudi·

99 847 176 890 nem
197 826 374 890 maiestatis
395 829 469 890 tuae
491 826 616 890 confert
602 830 694 890 tnat
680 825 776 889 talem
799 830 890 890 tuum
912 826 995 891 diem
1019 848 1067 891 ce-

98 910 277 975 lebrando
267 933 300 974 m
317 933 363 993 ea,
386 915 518 974 consuet
504 911 647 974 tudinem
668 911 887 994 magnificent
878 933 927 975 rae
942 911 1000 975 tibi
1016 911 1067 975 de·

98 996 196 1059 bitae.
246 998 344 1142 teque
368 996 488 1078 ipsum,
518 995 707 1078 imperator,
743 1017 870 1059 oramus
898 999 934 1059 ut
960 995 1065 1092 etiam,

99 1100 173 1143 oum
201 1099 258 1143 uos
285 1082 333 1144 tot
334 1080 384 1143 ius
411 1079 497 1143 orbis
525 1080 695 1144 securitate
722 1080 898 1176 composita
925 1080 1018 1143 illa
1009 1101 1066 1142 rm·
1082 1096 1107 1137 ro

98 1164 182 1247 perii
197 1165 295 1228 uestri
316 1166 419 1227 mater
433 1164 601 1247 acceperit,
625 1163 836 1261 amplexus
807 1185 875 1228 erus
891 1164 1068 1227 artissimos

100 1249 262 1312 interdum
285 1249 347 1346 piis
371 1248 517 1312 manibus
539 1246 688 1312 resoluat
664 1251 721 1312 t·1s
714 1251 845 1332 ,tuque
868 1248 1068 1330 potissimum

100 1333 218 1416 (credo
247 1334 333 1396 enim
361 1332 423 1396 hoc
447 1331 532 1396 idem
557 1331 692 1396 Dioclet
668 1299 793 1395 traiium
820 1332 926 1395 oriens
953 1331 1067 1415 rogat)

98 1416 160 1481 has
187 1417 371 1501 prouincias
397 1420 469 1480 tuas
496 1417 645 1500 frequent
646 1438 680 1480 er
705 1416 909 1480 illustreat
877 1418 909 1479 et
938 1416 1068 1513 profun-

100 1501 233 1567 dissima
264 1503 340 1566 licet
326 1506 451 1585 tpace
484 1501 601 1565 florent
587 1504 635 1564 tes
668 1501 785 1564 adueut
771 1504 806 1565 tu
841 1499 983 1564 numinis
1018 1499 1105 1563 tuirs

99 1586 215 1651 reddas
240 1586 407 1650 feliciores.
451 1585 554 1669 uidae,
582 1586 771 1670 imperator,
801 1589 922 1670 quauta
949 1585 998 1650 uis
1026 1583 1069 1648 sit

100 1671 261 1734 tuorum
251 1693 285 1734 m
307 1693 365 1735 nos
388 1671 574 1767 caelestium
588 1671 834 1735 beneficiorum:
857 1669 960 1734 adhuc
978 1690 1068 1754 prae-

100 1755 207 1819 sentia
228 1758 285 1820 tua
306 1756 497 1820 fruimurt
464 1758 497 1819 et
519 1755 583 1818 iam
605 1756 741 1820 reditum
764 1756 987 1819 desideramus

281 2182 344 2253 ΠΙ.
392 2181 585 2254 CLAUDII
612 2184 892 2254 MAMERTINI

156 2330 544 2429 PANEGYRidUS
591 2329 1013 2428 GENETHLIAGUS
1081 2391 1107 2431 20

245 2503 504 2568 immunito
527 2503 732 2570 Auuusro
755 2504 921 2570 Dreros.

160 2673 187 2738 Ι.
208 2672 328 2736 Omnes
344 2672 472 2756 quidem
486 2670 644 2755 homines,
661 2675 871 2740 sacratissime
886 2674 1069 2771 imperator,

126 2781 159 2822 u1
179 2758 340 2822 maiestati
363 2760 490 2821 uestrae
504 2758 613 2822 laudes
634 2762 756 2823 canunt
777 2762 809 2823 et
824 2759 943 2842 gratias
959 2759 1069 2854 agunt,

103 2781 248 2907 debitum
267 2841 359 2905 uobis
381 2844 540 2905 conantur
560 2844 722 2907 exsoluere
745 2843 830 2927 (quis
850 2844 935 2906 enim
952 2841 1070 2923 estqui

103 2928 206 3024 possit
227 2925 412 3023 impleret),
447 2926 551 2989 sentio
574 2931 683 2991 tamen
705 2949 723 2990 a
744 2949 795 2990 me
818 2927 987 3011 praecipue
1008 2925 1069 2988 hoc
1083 2944 1109 2986 ru

105 3013 177 3095 piae
198 3031 286 3074 uocis
308 3010 486 3073 ostiorum
477 3032 547 3074 1ure
569 3013 705 3094 quodam
732 3012 928 3075 sacrosancti
902 3010 1069 3075 tfeuoris

103 3150 301 3159 -..—-.-—-

174 3214 255 3265 lilla
273 3216 290 3263 0
309 3212 314 3277 Ι
334 3211 444 3265 demens
448 3218 522 3264 trent
539 3222 564 3263 et
583 3216 729 3266 ostendant
746 3216 780 3264 W
796 3214 806 3282 Η
822 3218 839 3267 4
856 3216 951 3281 galliis
969 3231 983 3263 r
1000 3231 1018 3264 u
1032 3229 1070 3264 w.

104 3283 188 3349 gellis
206 3282 234 3330 1
264 3278 273 3346 ΙΙ
303 3283 319 3333 8
343 3281 542 3332 consuetudine
564 3284 604 3344 Π,
627 3286 735 3334 correxi
763 3281 773 3349 ΙΙ
804 3286 835 3335 18
859 3289 888 3333 et
910 3285 963 3332 iam
981 3283 1071 3332 Bert:

106 3348 420 3401 etiamAWethV
450 3345 460 3412 Η
489 3351 594 3400 22sac
613 3351 691 3399 AW:
712 3352 892 3402 sacechV
918 3349 928 3414 ΙΙ
958 3353 1070 3414 topos·

104 3423 148 3469 set
166 3420 194 3536 ἶ
212 3415 217 3483 Ι
236 3433 252 3466 a
270 3432 312 3466 me
329 3417 381 3466 hoc
401 3431 491 3480 praec.
511 3417 562 3467 hoe
580 3419 620 3483 Π,
640 3434 709 3468 corr.
728 3431 753 3466 w
771 3419 823 3468 hoc
840 3433 931 3483 praec
948 3425 1070 3481 tempore

103 3486 155 3537 hoe
195 3501 250 3550 usp
