2294 3780
110 145 152 208 34
432 147 454 196 1.
486 144 515 194 c.
534 144 651 193 111111
670 145 750 193 1111.

111 295 178 359 1111
201 295 306 358 111111
327 294 494 357 rationem.
533 291 666 354 ambitio
694 291 779 353 enim
808 294 840 353 et
867 291 1021 355 iactantia
1043 297 1079 356 et

110 380 221 444 effusio
237 382 269 444 11
284 377 409 462 quiduis
431 375 648 458 potiusquam
669 372 844 438 liberalitas
861 374 1074 439 existimanda

112 468 161 529 est
185 465 235 529 cui
257 463 339 525 ratio
361 481 426 522 non
449 463 584 523 constat.
622 459 756 544 dignum
779 479 865 543 ergo,
889 459 1073 542 imperator,

110 545 355 612 mansuetudine
390 546 447 606 tua
482 545 626 607 minuere
663 543 810 607 orbitatis
846 543 977 606 iniurias
1013 556 1073 607 110

84 632 178 715 spati
201 649 390 713 quemquam
418 627 484 690 filio
514 628 630 691 amisso
658 629 789 711 insuper
819 627 904 690 affici
934 628 996 690 alio
1020 628 1073 690 do-

108 718 186 778 lore.
232 713 277 776 sic
300 732 423 795 quoque
446 711 572 775 abunde
594 713 713 776 misera
741 733 791 776 res
820 715 868 775 est
894 714 986 795 pater
1007 711 1073 775 filio

108 799 195 862 solus
217 797 323 860 heres:
347 795 433 879 quid,
457 795 485 859 si
500 795 688 860 coheredem
703 817 770 860 non
792 818 811 859 a
831 796 898 859 filio
913 795 1073 880 accipiat?

109 882 189 946 adde
211 880 305 964 quod,
330 901 402 943 cum
425 879 516 943 diuus
538 879 647 944 Nerua
670 881 831 944 sanxisset
851 883 888 943 ut
909 881 944 943 in
967 884 1074 964 pater-

107 967 157 1029 nis
190 965 284 1028 bonis
318 963 409 1027 liberi
443 965 635 1028 necessitate
668 964 837 1028 uicesimae
865 965 1074 1046 soluerentur,

70 1071 96 1108 10
109 1069 289 1134 congruens
324 1053 392 1112 erat
422 1049 555 1111 eandem
588 1049 824 1112 immunitatem
857 1052 1007 1129 parentes
1041 1050 1076 1112 in

108 1134 281 1197 liberorum
304 1133 396 1198 bouis
412 1132 568 1196 obtinere.
607 1154 663 1195 cur
678 1132 764 1195 enim
786 1133 922 1214 posteris
939 1133 1076 1216 amplior

108 1217 211 1282 honor
238 1238 332 1301 quam
361 1216 535 1279 maioribus
564 1216 735 1280 haberetur
764 1237 859 1279 uurue
892 1237 959 1278 non
989 1220 1075 1279 retro

109 1323 233 1386 quoque
255 1306 433 1366 recurreret
455 1300 622 1384 aequitas?
646 1321 691 1366 aa
712 1321 778 1363 non
801 1299 932 1363 eadem?
956 1303 991 1362 tu
1007 1300 1074 1383 qui·

110 1387 191 1469 dem,
217 1385 344 1468 Caesar,
370 1386 458 1448 illam
481 1386 702 1469 exceptionem
725 1383 889 1448 remouisti
912 1384 950 1446 ‘si
979 1384 1074 1446 modo

71 1489 96 1529 15
109 1471 193 1533 filius
220 1469 254 1531 in
283 1472 442 1552 potestate
468 1470 568 1552 patris
602 1470 738 1550 fuisset’,
773 1468 920 1548 intuitus,
949 1468 1073 1551 opinor,

109 1553 364 1636 uim·legemque
386 1555 530 1634 naturae,
554 1574 633 1635 quae
656 1573 781 1635 semper
808 1552 842 1614 in
871 1551 996 1615 dicione
1018 1574 1074 1634 pa-

108 1640 236 1702 rentum
258 1658 326 1700 esse
349 1637 464 1700 liberos
487 1637 580 1698 iussit
601 1657 661 1699 uec
683 1638 730 1698 uti
751 1635 836 1698 inter
863 1637 999 1717 pecudes
1029 1637 1075 1699 111

109 1723 193 1786 11111
214 1721 358 1784 homiues
380 1722 570 1803 potestatem
594 1722 626 1783 et
653 1719 822 1803 imperium
843 1719 1074 1784 ualentioribus

109 1806 206 1869 dedit.

71 1909 97 1948 ao
136 1888 139 1893 ’
173 1887 322 1951 XXXIX.
360 1887 429 1952 Nec
445 1908 521 1951 uero
538 1890 706 1951 contentus
721 1888 860 1970 primum
876 1888 1075 1975 cognationis

110 1973 243 2057 gradum
256 1971 425 2035 abstulisse
439 1971 611 2035 uicesimae
626 1971 799 2035 secuudum
816 1993 940 2056 quoque
958 1973 1076 2036 exemit

109 2056 255 2139 cauitque
276 2057 313 2118 ut
328 2055 362 2118 in
380 2056 496 2119 sororis
512 2056 604 2119 bonis
620 2055 720 2119 freter
743 2057 775 2120 et
790 2060 902 2120 contra
916 2057 951 2119 in
965 2057 1075 2120 fratris

108 2161 206 2221 soror,
240 2141 338 2222 utque
367 2161 443 2202 auus
473 2145 501 2204 11
528 2140 601 2204 auia
628 2140 663 2203 in
691 2140 798 2223 neptis
827 2141 1014 2224 nepotisque
1043 2145 1075 2204 et

108 2225 247 2287 inuicem
268 2223 317 2287 illi
339 2226 540 2288 seruarentur
565 2225 733 2288 immunes,
776 2224 828 2286 his
856 2244 981 2307 quoque
1008 2225 1075 2306 qui—

70 2325 95 2365 25
108 2307 167 2371 bus
197 2330 254 2392 per
281 2308 408 2372 Latium
439 2309 553 2372 ciuitas
575 2308 720 2373 Romana
742 2309 899 2391 patuisset
919 2309 1002 2371 idem
1025 2309 1075 2371 in·

108 2391 206 2455 dulsit
234 2394 444 2475 omnibusque
473 2394 557 2457 inter
585 2416 619 2457 se
649 2393 874 2477 cognationum
902 2392 970 2455 iura
992 2413 1074 2456 com-

107 2476 196 2539 misit
213 2477 308 2539 simul
331 2480 363 2538 et
383 2476 501 2558 pariter
525 2481 556 2539 11
578 2499 667 2540 more
684 2481 825 2559 naturae,
849 2497 928 2559 quae
951 2477 1074 2558 priores

107 2560 268 2643 principes
285 2581 303 2621 a
318 2559 453 2640 singulis
475 2560 584 2642 rogari
605 2561 788 2643 gestiebant
808 2582 873 2623 non
896 2563 962 2623 tam
984 2582 1073 2641 prae-

108 2643 215 2708 standi
237 2642 344 2707 animo
369 2664 465 2722 quam
486 2643 637 2726 negandi.
661 2665 699 2706 ex
716 2664 778 2725 quo
801 2644 946 2728 intellegi
969 2648 1075 2726 potest

68 2747 95 2787 ao
111 2732 249 2811 quantae
277 2726 497 2811 benignitatis,
527 2727 637 2806 quanti
666 2727 796 2808 spiritus
823 2728 920 2791 fuerit
947 2750 1074 2810 sparsas

108 2817 213 2896 atque,
243 2815 279 2875 ut
307 2811 353 2875 ita
381 2812 495 2893 dicam,
526 2811 646 2874 laceras
690 2811 888 2892 gentilitates
924 2813 1075 2895 colligere

108 2899 204 2978 atque
238 2900 401 2960 conectere
437 2899 470 2959 et
504 2894 593 2977 quasi
626 2895 751 2957 renasci
784 2895 906 2978 iubere3
952 2895 1075 2959 deferre

108 2980 191 3058 quod
226 2980 406 3062 negabatur
439 2982 533 3060 atque
567 2977 599 3039 id
634 2982 794 3060 praestare
829 2980 952 3043 cunctis
991 2980 1072 3062 quod

108 3082 201 3142 saepe
225 3061 343 3144 singuli
358 3083 424 3125 non
446 3063 684 3144 impetrassent,
707 3068 867 3146 postremo
891 3064 996 3146 ipsum
1012 3065 1074 3127 sibi

176 3248 190 3294 2
211 3251 240 3295 et
258 3246 369 3310 quiduis
388 3250 418 3295 0:
438 3247 546 3310 quiduis
564 3250 661 3298 BVW
677 3248 680 3313 1
698 3265 777 3315 quam
795 3252 930 3300 deleverim
948 3248 957 3315 ΙΙ
976 3255 1006 3301 11
1027 3268 1077 3301 cur

109 3314 180 3362 enim
199 3315 273 3362 edd:
294 3327 342 3361 cur
360 3315 386 3362 ei
404 3317 434 3363 in
451 3315 478 3363 Μ
490 3312 500 3379 ΙΙ
514 3319 545 3366 13
565 3332 600 3366 an
618 3319 724 3368 addidi:
746 3334 791 3368 om.
811 3318 838 3366 Μ
856 3325 1010 3369 recurreret
1030 3336 1076 3368 ae·

108 3382 198 3444 quitas
217 3379 322 3443 eadem,
341 3396 387 3431 om.
407 3397 471 3445 non,
490 3385 548 3433 edd.
568 3380 577 3448 ΙΙ
596 3386 628 3435 23
647 3389 674 3434 11
692 3388 751 3435 add.
773 3400 802 3450 ςτ
823 3384 991 3451 0111111116
1011 3403 1074 3452 per·

108 3449 182 3511 misit
200 3447 372 3504 Schwarziusr
392 3451 531 3501 concessit
549 3449 675 3517 1111111111
693 3455 725 3503 27
745 3449 837 3518 simul]
858 3454 943 3505 semel
961 3456 993 3501 W
