2294 3780
266 133 479 187 unmurnuo
496 134 668 187 nueusro
687 137 722 187 n.
750 138 823 191 1-3.
988 135 1029 200 91

64 283 193 431 poneris
214 283 263 347 tui
285 283 445 368 originem
466 283 649 368 recensebo,
673 305 768 367 quam
789 287 826 349 tu
846 306 913 350 non
935 285 1029 352 modo

79 366 158 432 actis
180 367 427 452 immortalibus,
456 368 511 432 sed
539 370 636 433 etiam
664 369 805 433 nominis
827 369 1029 435 successione

63 451 212 516 testaris?
242 473 285 549 an
318 453 580 550 quemadmodum
597 453 767 550 ¹educatus
800 453 1028 551 institutusque

61 536 344 705 dideplrdgeidridrbii),
376 536 659 686 idtcissdislcldliitds’
677 537 1054 688 stildnuffdtlibsdldirtrdtidr

63 707 94 769 et
112 725 275 769 armorum
294 706 421 770 sonitus
441 705 505 770 tuis
526 705 688 790 uagitibus
702 707 944 791 obstrepentes?
967 708 1027 772 fin·

60 792 182 874 guntur
197 789 277 855 haec
291 789 330 854 de
344 789 431 871 Ioue,
444 789 510 854 sed
525 790 563 854 de
585 793 618 854 te
638 812 715 854 uera
736 794 820 874 sunt,
843 792 1027 875 imperator.

61 895 103 937 au
117 877 192 937 tuas
206 895 257 939 res
272 878 380 959 gestas
400 895 584 939 enumerare
606 875 757 959 conabor,
780 897 861 959 quae
875 880 908 940 te
923 877 1028 960 prima

61 957 155 1042 signa
177 958 394 1043 imperatoriis
423 959 574 1042 auspiciis
600 959 836 1043 inaugurarint,
866 982 947 1044 quae
975 983 1027 1025 ca·

60 1045 127 1106 stra
148 1042 315 1108 dominum
341 1043 492 1107 habitura
518 1045 731 1127 susceperint,
761 1066 842 1129 quae
870 1044 954 1109 bella
975 1045 1027 1109 de·
1040 1065 1065 1106 ro

60 1126 220 1210 duxerint,
235 1149 318 1211 quae
331 1127 486 1192 uictoriae
502 1128 670 1192 auxerint?
693 1128 746 1193 ibo
762 1129 884 1194 scilicet
898 1129 1026 1194 uirtutis

59 1213 134 1276 tuae
157 1212 303 1297 uestigiis
332 1211 522 1298 colligendis
550 1233 609 1297 per
634 1215 737 1278 totum
758 1212 862 1277 Histri
890 1213 1027 1278 limitem

58 1316 179 1379 perque
207 1318 334 1362 omnem
362 1318 426 1380 qua
456 1296 562 1362 tendit
587 1296 755 1361 Eufratem
783 1301 814 1361 et
840 1298 926 1380 ripas
953 1319 1023 1379 per·

60 1381 182 1464 egrabo
210 1379 317 1446 Rheni
339 1385 372 1445 et
394 1381 468 1446 litus
490 1381 626 1446 oceani?
663 1381 719 1445 sed
763 1382 796 1445 ui
817 1379 896 1447 uelit
918 1381 1026 1444 omnia

61 1465 125 1528 ista
148 1465 328 1548 complecti,
350 1465 477 1530 saecula
496 1466 558 1530 sibi
577 1467 686 1549 optare
709 1402 803 1530 dedret
825 1469 858 1529 et
878 1464 1024 1529 innume·
1039 1486 1063 1526 rs

57 1548 176 1613 rabiles
199 1570 302 1614 annos
324 1553 357 1615 et
378 1553 529 1634 quantam
551 1553 588 1615 tu
608 1550 739 1615 mereris
762 1552 911 1615 aetatem.

114 1630 175 1698 III.
197 1633 329 1700 Faciam
349 1635 450 1719 igitur
470 1635 657 1718 compendio
678 1635 832 1700 orationis
849 1656 948 1718 meae,
969 1634 1024 1698 sed

58 1717 177 1782 damno
200 1719 385 1802 uoluntatis,
413 1719 498 1801 quod
524 1717 599 1783 huic
626 1718 764 1802 tempori
792 1719 928 1783 maxime
952 1739 1025 1784 con-

58 1800 163 1885 gruit:
186 1803 334 1868 omittam
356 1806 461 1868 cetera
485 1806 517 1867 et
537 1803 739 1887 potissimum
767 1803 847 1868 illud
874 1803 1025 1886 arripiam

57 1886 144 1968 quod
170 1885 280 1952 multis
306 1888 443 1952 fortasse
465 1888 581 1952 mirum
611 1886 771 1953 uidebitur
799 1890 832 1953 et
858 1891 967 1953 tamen
989 1909 1022 1952 re
1037 1907 1063 1948 eo

56 1971 129 2054 ipsa
151 1971 350 2036 uerissimum
374 1975 438 2036 est:
466 1975 513 2054 te,
540 1994 612 2036 eum
635 1972 676 2037 ad
697 1972 928 2038 restituendam
954 1993 1023 2036 rem

57 2055 222 2138 publicam
249 2078 268 2120 a
296 2059 435 2141 cognato
461 2056 521 2120 tibi
548 2056 742 2121 Diocletiani
768 2057 899 2121 numine
926 2055 1024 2120 fueris

57 2139 242 2222 inuocatus,
276 2140 348 2224 plus
380 2141 529 2205 tribuisse
556 2140 704 2205 beneficii
732 2161 825 2224 quam
853 2139 1023 2223 acceperis.

57 2244 163 2307 neque
186 2225 271 2289 enim
294 2225 513 2308 specietenus
535 2245 572 2288 ae
594 2225 723 2288 nomine
745 2224 876 2287 fortune
896 2222 1024 2306 imperii

55 2307 290 2373 consideranda
312 2312 369 2374 est.
400 2309 531 2373 trabeae
551 2311 675 2372 uestrae
693 2305 902 2389 triumphales
925 2310 957 2368 et
977 2305 1024 2369 fa·
1037 2326 1063 2367 ss

56 2413 127 2456 sces
143 2393 324 2458 consulares
340 2396 372 2458 ct
386 2391 483 2458 sellae
503 2392 627 2458 curules
650 2395 682 2456 ct
701 2391 781 2455 haec
800 2390 1025 2473 obsequiorum

56 2476 190 2559 stipatio
213 2481 246 2542 et
266 2478 376 2562 fulgor
398 2481 431 2543 et
451 2478 507 2542 illa
526 2477 582 2540 lux
603 2475 748 2540 diuinum
768 2474 922 2539 uerticem
937 2474 1023 2539 claro

57 2560 135 2625 orbe
166 2562 380 2645 complectens
407 2565 586 2627 uestrorum
612 2564 688 2625 sunt
716 2562 906 2625 ornamenta
931 2560 1024 2624 meri·

56 2646 165 2709 torum
178 2646 392 2729 pulcherrima
408 2646 535 2729 quidem
551 2649 583 2711 et
598 2645 834 2743 augustissima,
857 2643 912 2741 sed
927 2644 1024 2741 longe

55 2728 116 2793 illa
137 2731 257 2796 maiora
277 2735 353 2795 sunt
373 2752 453 2815 quae
473 2734 510 2795 tu
530 2731 696 2813 impartito
716 2730 776 2793 trbr
797 2750 930 2812 rmperro
952 2750 1022 2793 urae
1036 2747 1062 2788 ao

56 2814 184 2896 gratiae
211 2814 363 2880 retulisti:
397 2814 564 2879 admittere
594 2815 629 2879 in
662 2815 805 2878 animum
834 2816 946 2877 tantae
977 2814 1024 2876 rei

126 2982 205 3035 silla
218 2986 241 3034 A
252 2987 284 3035 w
296 2986 386 3039 Bora:
404 2987 433 3036 in
450 2985 499 3036 illa
511 2987 531 3036 B
544 2988 561 3034 0
573 2987 597 3034 V
617 2984 628 3051 l
648 2984 844 3037 Senumerabo
858 2981 1025 3048 1119111]ρο-

58 3051 206 3102 ratoriisA
222 3052 242 3101 B
262 3055 291 3102 0:
318 3053 494 3118 imperatoris
507 3054 529 3102 V
542 3054 575 3102 W
592 3050 815 3120 {inauguriarint
832 3051 868 3111 11,
888 3068 955 3102 corr.
974 3064 999 3099 w
1018 3047 1022 3115 1

55 3131 131 3180 quae
150 3124 178 3170 te
199 3126 293 3172 castra
308 3123 325 3169 0
348 3117 360 3188 Η
384 3123 415 3171 10
427 3121 588 3171 habitatura
600 3122 633 3169 W
653 3120 658 3183 1
678 3119 836 3173 diduxerint
848 3119 870 3167 A
882 3117 958 3170 Bert.
970 3116 979 3183 ll
992 3120 1024 3168 12

56 3184 109 3240 uir.
128 3190 194 3237 tuae
211 3193 281 3242 uest.
302 3189 366 3242 coll.
383 3190 406 3238 A
424 3189 446 3236 V
464 3189 508 3237 W:
531 3188 582 3242 uir.
601 3194 666 3238 tuae
685 3185 746 3237 coll.
766 3190 829 3235 uest
844 3184 864 3233 B
881 3191 952 3236 uest.
971 3186 1023 3236 nir.

55 3255 125 3304 tuae
145 3253 209 3308 coll.
228 3257 246 3303 0
269 3254 279 3322 ΙΙ
305 3258 335 3307 13
354 3271 432 3306 omne
450 3256 473 3304 A
490 3254 527 3320 01
544 3255 705 3306 eufratenA
721 3255 770 3303 Vr
788 3251 798 3319 ΙΙ
820 3255 852 3304 15
871 3253 926 3303 ista
944 3252 1024 3303 om.B

57 3316 134 3371 Berl.
156 3319 166 3386 ΙΙ
190 3324 221 3373 17
239 3323 400 3388 compendio
418 3323 528 3388 quidem
544 3323 621 3384 Cucp.
638 3324 696 3373 cdd.
720 3318 731 3385 ΙΙ
760 3323 792 3373 18
809 3319 934 3386 quidne
958 3317 968 3383 ΙΙ
993 3321 1024 3370 19

56 3393 89 3435 ut
105 3393 162 3454 pot.
180 3391 213 3439 w
240 3387 251 3456 ΙΙ
280 3394 312 3442 20
331 3406 358 3440 re
377 3407 423 3444 om.
442 3391 464 3439 A
493 3387 504 3454 d
537 3391 571 3440 24
594 3391 681 3455 septis
703 3393 781 3439 tenus
800 3404 834 3438 ac
851 3388 967 3438 tremine
985 3389 1027 3437 ael

56 3457 204 3507 tormined
227 3455 237 3523 ΙΙ
258 3460 291 3510 27
311 3457 404 3524 fulgur
421 3471 446 3506 w
467 3455 477 3522 ΙΙ
498 3459 531 3509 30
548 3461 609 3508 uice
629 3457 722 3522 gratia
740 3457 772 3505 w
789 3458 852 3506 uice
871 3458 953 3518 grata
970 3467 988 3519 ς
