2294 3780
388 140 549 192 rasiano
570 142 604 191 n.
623 144 732 199 aa-ro.
999 140 1041 205 25

73 286 274 370 populusque
295 287 461 352 Romanus
482 288 644 372 obligatus
667 311 686 352 a
707 288 863 353 tribunali
884 291 951 371 tuo,
974 312 1042 354 non

74 375 224 435 exoratus
253 373 394 436 recessit.
445 373 590 436 obtulisti
618 375 704 437 enim
738 373 938 456 congiarium
965 396 1042 457 gau-

74 455 226 518 dentibus
242 455 386 540 gaudens
409 478 599 539 securusque
621 459 756 536 securis3
780 458 926 540 qnodque
947 462 1042 520 antea

73 539 236 622 principes
260 541 300 604 ad
321 540 428 603 odium
450 541 499 604 sui
521 541 705 605 leniendum
727 542 925 605 tumentibus
939 541 1043 624 plebis

74 624 192 686 animis
219 625 437 706 obiectabant‚
466 624 499 687 id
521 628 646 688 tutam
670 626 826 689 innocens
848 626 966 709 populo
989 624 1068 688 dea

74 707 152 770 disti
180 729 276 790 quam
304 709 439 792 populns
468 709 601 791 accepit.
652 709 748 792 paulo
782 711 903 791 minus,
936 712 1043 791 patres

75 792 266 874 conscripti,
296 793 436 875 quinque
464 793 552 855 milia
575 793 788 876 ingenuorum
811 793 943 856 fuerunt
964 814 1043 876 quae

74 875 252 939 liberalitas
274 876 429 959 principis
457 877 560 939 nostri
582 878 792 961 conquisiuit‚
822 878 962 960 inuenit,
991 878 1044 939 ad·

75 960 179 1023 sciuit.
229 959 265 1022 hi
296 961 470 1024 subsidium
498 960 669 1038 bellorum,
704 965 927 1024 ornamentum
955 962 1043 1043 pacis

75 1042 220 1127 publicis
241 1045 421 1127 sumptibus
449 1044 578 1108 aluntur
605 1046 805 1128 patriamque
833 1067 899 1108 non
926 1050 963 1108 ut
988 1068 1043 1128 pa·
1058 1065 1083 1104 10

76 1128 173 1191 triam
202 1131 329 1191 tantum
351 1150 463 1192 uerum
489 1132 526 1192 ut
548 1128 690 1192 altricem
715 1151 821 1192 amare
845 1129 1043 1193 condiscunt.
1120 1162 1125 1171 ·

77 1232 116 1275 ex
144 1211 195 1274 his
223 1215 342 1294 castra,
376 1234 415 1276 ex
447 1213 497 1277 his
530 1213 635 1277 tribus
667 1213 890 1295 replebuntur,
925 1234 964 1275 ex
993 1212 1044 1275 his

98 1295 269 1376 nandoque
291 1299 465 1360 nascentur
487 1297 601 1380 quibus
623 1297 784 1360 alimentis
807 1317 886 1378 opus
909 1297 1043 1358 nonsit.

77 1317 246 1458 describi,
270 1378 399 1462 Caesar,
422 1385 560 1444 aetatem
583 1380 615 1443 di
631 1401 726 1462 quam
748 1379 879 1443 mereris
903 1386 1044 1442 seruent-

77 1484 139 1546 que
162 1464 304 1527 animum
327 1485 422 1547 quem
444 1465 614 1529 dederunt:
637 1467 670 1527 et
684 1467 803 1546 quanto
826 1463 977 1527 maiorem
996 1465 1084 1527 iii-15

77 1547 217 1610 fantium
239 1549 367 1612 turbam
389 1549 505 1612 iterum
527 1553 623 1631 atque
645 1549 760 1611 iterum
783 1548 906 1612 iubebis
929 1548 1043 1613 incidi!

78 1635 214 1715 augetur
242 1632 328 1696 enim
357 1634 474 1697 cotidie
502 1637 534 1697 et
562 1634 689 1715 crescit,
720 1634 883 1716 nunquia
909 1633 1045 1696 cariores

78 1716 266 1797 parentibus
286 1716 389 1799 liberi,
412 1717 468 1780 sed
483 1718 557 1800 quia
572 1717 712 1800 principi
734 1718 829 1780 ciues.
859 1717 950 1780 dabis
972 1737 1046 1780 con-

78 1801 197 1883 giaria,
221 1801 247 1862 si
270 1802 373 1882 uoles3
406 1802 586 1884 praestabis
609 1802 778 1884 alimenta,
806 1802 833 1864 si
855 1801 961 1864 uoles:
998 1800 1047 1864 illi

78 1887 187 1946 tarnm
206 1888 393 2031 propterte
414 1889 600 1950 nascuntur.
1059 1904 1084 1942 2⁰

144 1967 204 2030 XX
223 1967 262 2031 X.
295 1968 404 2032 Instar
419 1990 478 2053 ego
493 1971 639 2054 perpetui
659 1969 814 2052 congiarii
829 1992 900 2034 reor
915 1970 1046 2033 affluen-

79 2051 158 2114 tiam
167 2074 321 2116 annonae.
335 2052 430 2117 huius
438 2053 610 2138 aliquando
622 2052 857 2137 curaPompeio
868 2055 1046 2116 nonminns

80 2135 204 2199 addidit
219 2137 340 2219 gloriae
362 2160 456 2219 quam
476 2138 587 2220 pulsus
610 2138 749 2201 ambitus
773 2157 894 2218 eampo,
917 2139 1047 2198 exactus

79 2219 183 2282 hostis
206 2221 302 2298 mari,
330 2223 435 2285 oriens
457 2221 628 2305 triumphis
651 2222 862 2303 occidensque
883 2219 1046 2281 lustratus

80 2325 141 2366 nec
163 2325 239 2367 uero
262 2305 316 2368 ille
336 2305 461 2369 ciuilius
484 2328 579 2389 quam
594 2326 711 2388 parens
733 2306 842 2367 noster
857 2301 1047 2364 auctoritate
1061 2318 1086 2358 aa

82 2387 217 2451 consilio
240 2388 302 2453 fide
329 2390 460 2454 reclusit
485 2391 569 2471 uiae,
600 2391 710 2471 portus
732 2385 900 2470 patefecit,
932 2385 1048 2448 itinera
1072 2442 1074 2447 .

80 2472 192 2550 terris,
216 2472 362 2538 litoribus
383 2496 487 2557 mare,
517 2474 612 2537 litora
633 2472 713 2535 mari
735 2470 873 2534 reddidit
895 2470 1049 2534 diuersas·

81 2577 144 2638 que
165 2560 279 2639 gentes
301 2558 347 2621 ita
370 2561 560 2622 commercio
582 2557 711 2620 miscuit
732 2561 777 2639 ut,
801 2555 885 2638 quod
905 2555 1049 2639 genitum

82 2643 169 2703 esset
190 2663 333 2726 nsquam,
359 2643 391 2705 id
414 2644 498 2724 apud
521 2663 631 2706 omnes
653 2644 764 2704 natum
788 2661 856 2704 esse
878 2639 1047 2703 uideretur.

80 2745 193 2788 nonne
223 2747 352 2790 cernere
380 2726 473 2790 datur
506 2730 543 2789 ut
570 2727 640 2789 sine
667 2724 764 2787 ullius
797 2724 916 2787 iniuria
944 2723 1087 2785 omnisao

82 2808 194 2871 usibus
221 2811 339 2874 nostris
368 2832 472 2873 annus
500 2808 676 2873 exuberet?
712 2808 829 2891 quippe
857 2828 920 2870 non
949 2809 986 2868 ut
1011 2826 1050 2868 ex

81 2892 208 2956 hostico
223 2897 334 2977 raptae
349 2894 571 2976 perituraeque
594 2895 628 2955 in
642 2892 765 2955 horreis
788 2911 907 2954 messes
922 2889 1049 2971 nequic-

82 2998 179 3059 quam
202 2978 427 3060 quiritantibus
450 2979 545 3042 sociis
568 2978 766 3041 auferuntur.
804 2973 967 3039 deuehunt
988 2973 1050 3056 ipsi

153 3184 170 3230 4
187 3183 325 3247 principes
343 3183 376 3230 W
392 3197 418 3232 r:
437 3183 567 3246 princeps
584 3182 636 3230 uV
654 3189 678 3230 et
695 3182 715 3229 B
733 3195 770 3240 m,
791 3181 882 3230 sedin
900 3179 939 3228 aas
956 3192 1024 3228 corr.
1043 3174 1052 3239 ἵΙ

83 3252 100 3299 5
119 3250 176 3298 iam
192 3249 225 3296 W
243 3249 247 3311 Ι
267 3251 442 3299 innocentius
461 3264 485 3298 w
509 3248 519 3314 ΙΙ
542 3250 573 3298 16
591 3249 699 3298 iubebis
717 3249 785 3296 BV:
805 3246 915 3296 uidebis
933 3244 994 3292 ΟΨ
1011 3245 1052 3313 ui·

84 3317 165 3368 debis
183 3317 292 3366 iubebis
312 3318 387 3381 Coap.
407 3314 416 3381 ss
435 3320 466 3366 19
485 3316 640 3382 praestabis
659 3315 792 3364 alimenta
812 3315 836 3363 si
853 3312 931 3362 uoles
950 3313 1026 3361 enac
1044 3308 1052 3371 :i

83 3387 118 3435 26
136 3383 283 3434 itineribus
301 3389 396 3445 terras,
415 3385 514 3434 itinera
532 3384 613 3433 terris
631 3383 800 3433 Mommsenns
817 3379 826 3446 [l
843 3383 874 3430 31
895 3379 981 3428 amnis
1000 3378 1053 3431 GV

112 3455 143 3504 31
164 3451 329 3501 exuberetur
348 3449 440 3515 01133
459 3451 661 3516 queritantium
678 3450 718 3511 li,
737 3465 805 3502 corr.
825 3463 849 3513 ς.
