2294 3780
105 152 148 216 20
427 156 449 205 Ι.
485 153 516 206 O.
533 154 651 206 PLINII
670 153 750 205 PAN.

105 323 166 386 que
189 302 351 366 tramitem
373 302 521 366 relietum
541 301 611 383 tibi,
635 303 771 366 alacrem
787 303 863 366 hino
886 305 980 385 atque
998 302 1073 365 inde

105 387 275 470 populum,
304 387 421 468 ubique
443 408 501 469 par
547 386 675 449 andium
696 408 869 470 paremque
892 388 1072 449 clamorem.

105 474 173 534 tam
200 471 342 553 aequalis
375 471 415 534 ab
444 407 592 534 omnibus
625 490 663 533 ex
691 471 831 534 aduentu
864 474 920 534 tuo
949 470 1074 533 laetitia

106 557 257 636 percepta
290 557 338 617 est
369 575 464 636 quam
498 555 646 618 omnibus
679 555 815 618 uenisti:
852 577 931 638 quae
964 558 1073 618 tamen

81 639 175 720 eipsa
204 659 276 701 oum
304 639 451 722 ingressu
472 641 526 702 tuo
555 639 655 703 creuit
683 660 720 703 ac
741 660 841 722 prope
869 639 903 702 in
928 639 1073 722 singulos

107 721 224 805 gradus
248 722 384 785 adaucta
407 726 465 786 est.

169 803 292 869 XXIII.
327 807 461 870 Gratum
475 810 546 869 erat
563 807 685 870 eunctis
703 806 786 890 quod
802 810 949 870 senatum
965 807 1073 870 osculo

107 889 284 972 exciperes,
313 893 350 953 ut
372 890 520 954 dimissus
550 891 659 954 osculo
682 891 805 968 fueras,
836 894 963 975 gratum
989 890 1074 974 quod

107 974 262 1056 equestris
274 975 396 1037 ordinis
404 975 518 1038 decora
527 974 647 1038 honore
658 975 824 1038 nominum
837 977 905 1038 sine
914 975 1074 1037 monitore

69 1077 94 1119 ro
107 1058 134 1122 si
182 1079 267 1137 ares,
297 1061 424 1142 gratum
447 1060 529 1142 quod
552 1062 679 1122 tantum
706 1080 770 1124 nou
793 1059 876 1123 ultro
903 1059 1074 1139 clientibus

107 1079 253 1206 saliiiatis
270 1144 422 1225 quasdam
437 1143 663 1207 familiaritatis
679 1147 773 1207 notas
789 1144 934 1226 adderes3
950 1143 1074 1226 gratius

106 1229 216 1290 tamen
238 1227 323 1310 quod
343 1227 462 1291 sensim
477 1230 509 1291 et
529 1227 654 1310 placide
676 1231 708 1291 ct
722 1232 879 1311 quantum
892 1230 1076 1308 respectan-

106 1311 186 1374 tium
214 1312 309 1375 turba
336 1315 498 1395 pateretur
524 1312 704 1394 incederes,
732 1313 816 1395 quod
839 1312 1075 1376 occursantium

107 1395 244 1478 populus
267 1397 298 1459 te
321 1416 461 1479 quoque,
491 1400 524 1460 te
545 1399 643 1460 immo
665 1397 802 1459 maxime
825 1397 961 1473 artaret,
988 1394 1073 1476 quod

70 1483 211 1560 reprimo
235 1479 344 1541 statim
367 1480 418 1542 die
440 1481 524 1543 letus
547 1483 637 1542 tuum
661 1481 804 1543 crederes
827 1479 985 1542 omnibus.
1020 1500 1075 1540 nc-

106 1583 167 1644 que
190 1562 276 1624 enim
299 1562 438 1643 stipatus
461 1564 636 1625 satellitum
659 1584 766 1641 manu,
790 1563 844 1625 sed
864 1562 1075 1625 circumfusus

107 1645 246 1728 undique
273 1665 359 1707 nuno
389 1649 519 1708 senatus
549 1667 636 1709 nuno
659 1646 813 1728 equestris
842 1645 962 1707 ordinis
984 1644 1074 1726 flore,

106 1731 203 1874 prout
230 1728 418 1792 alterutrum
445 1728 646 1812 frequentiae
673 1749 774 1813 genus
796 1729 1000 1810 incaluisset,
1036 1731 1076 1791 si-

121 1816 210 1876 cntes
238 1813 423 1895 quietosque
452 1813 580 1876 lictores
608 1816 681 1876 tuos
709 1813 960 1894 subsequebare:
999 1834 1077 1876 nam

69 1917 95 1957 ao
108 1896 226 1959 milites
252 1896 335 1961 nihil
364 1919 382 1958 a
404 1896 496 1980 plebe
518 1896 631 1960 habitu
658 1896 904 1980 tranquillitate·
920 1897 1077 1962 modestia

108 1979 308 2044 differebant.
342 1981 397 2044 ubi
420 2002 495 2045 uero
519 1981 654 2064 coepisti
677 1981 872 2064 Capitolium
894 1981 1076 2063 ascendere,

108 2087 204 2149 quam
218 2064 305 2128 laeta
320 2066 467 2129 omnibus
483 2066 661 2148 adoptionis
676 2067 751 2128 tuae
767 2065 959 2129 recordatio!
981 2087 1077 2147 quam

108 2148 268 2233 peculiare
296 2149 448 2234 gaudium
476 2171 586 2214 eorum
614 2150 668 2233 qui
696 2153 728 2214 te
750 2149 847 2232 primi
873 2150 983 2213 eodem
1005 2149 1077 2213 loco

109 2234 330 2298 salutauerant
356 2235 596 2318 imperatorem!
635 2234 713 2317 quin
738 2234 834 2297 etiam
857 2233 950 2296 deum
973 2235 1078 2316 ipsum

70 2336 96 2377 11
103 2324 230 2402 putrem
252 2323 342 2383 tuum
365 2320 569 2402 praeeipuam
590 2318 788 2401 uoluptatem
810 2317 913 2400 operis
937 2318 985 2380 sui
1008 2339 1078 2400 per-

111 2405 232 2484 cepisse
260 2403 458 2466 crediderim.
504 2407 600 2486 utque
628 2403 703 2465 dein
732 2403 835 2465 isdem
863 2400 1008 2484 uestigiis
1031 2401 1078 2464 111-

110 2486 222 2548 stitisti
244 2485 359 2567 quibus
381 2508 497 2567 parens
520 2489 593 2548 tuus
613 2486 729 2569 ingens
751 2484 831 2548 illud
856 2485 986 2548 deorum
1007 2506 1079 2567 pro-

109 2569 232 2631 laturus
248 2590 409 2649 arcanum,
434 2590 514 2651 quae
533 2569 809 2632 circumstantium
824 2569 960 2652 gaudia!
984 2589 1079 2651 quam

110 2673 222 2715 reeens
251 2652 383 2714 clamor!
421 2673 515 2735 quam
538 2652 652 2714 similis
679 2652 727 2714 illi
751 2652 817 2715 dies
839 2653 894 2735 qui
916 2653 1002 2715 hunc
1024 2673 1078 2736 ge·

180 2859 193 2906 1
213 2857 278 2906 hine
298 2860 380 2920 atque
399 2855 462 2906 iude
481 2871 527 2909 om,
545 2853 616 2921 Bllss
635 2863 665 2907 ut
683 2856 748 2908 dim.
767 2873 822 2908 ose.
842 2858 937 2908 fueras
955 2873 1002 2907 om.
1022 2858 1042 2904 B
1059 2859 1082 2906 V

111 2922 120 2989 11
139 2928 170 2974 10
189 2929 295 2973 tautum
314 2939 368 2972 nou
380 2924 498 2988 Lipsius:
517 2928 624 2974 tautum
637 2925 664 2972 Μ
682 2929 788 2974 tautum
807 2930 864 2974 tum
882 2941 937 2975 non
949 2926 1082 2974 Liuineius

114 2992 117 3056 1
138 2988 296 3055 clientibus]
317 2990 476 3042 dicentibus
495 2989 588 3056 (11112
607 3008 659 3057 quo
679 2998 736 3042 tum
748 2993 780 3040 W
797 2989 807 3058 11
826 2995 857 3043 13
876 2993 1082 3042 accursantium

112 3059 144 3106 W
161 3057 171 3122 11
189 3060 221 3108 14
239 3063 266 3108 te
285 3074 340 3109 uno
359 3074 430 3108 max.
448 3061 470 3107 V
506 3064 611 3109 artaret
630 3061 755 3110 Bedrios:
780 3056 956 3123 1111111111
976 3062 1006 3108 15
1025 3063 1081 3108 sta·

112 3123 171 3189 tim]
192 3141 300 3190 quoque
319 3127 336 3173 G
349 3123 359 3190 11
374 3127 405 3174 19
422 3141 485 3173 nam
519 3126 575 3174 iam
587 3127 621 3175 N.
636 3125 825 3189 [1111111111ἳῖ
844 3127 970 3176 omnibus
988 3142 1035 3176 om.
1050 3126 1082 3173 W

112 3191 121 3258 11
139 3195 171 3242 23
191 3194 286 3242 eodem
304 3192 364 3243 loco
383 3208 429 3244 om.
449 3188 487 3256 01
511 3194 544 3240 24
562 3193 756 3242 salutaueraut
774 3207 790 3257 ς
808 3195 954 3242 Liuineius:
978 3193 1082 3242 salutu-

112 3262 205 3309 uerint
223 3261 277 3308 BV
296 3260 488 3309 salutauernnt
506 3257 635 3323 0111125
653 3264 759 3323 putrem
777 3262 837 3310 add.
855 3260 1016 3310 Beroaldus:
1035 3277 1082 3311 om.

112 3329 140 3374 Π
159 3327 238 3375 deum
256 3329 345 3391 ipsum
363 3332 421 3377 tum
433 3326 565 3376 Liuineius
583 3323 593 3390 11
611 3327 643 3375 26
661 3330 745 3390 utque
764 3325 828 3376 dein
845 3330 954 3391 scripsi:
974 3332 1005 3376 ut
1023 3329 1083 3391 qui-

114 3395 174 3443 dem
186 3396 214 3440 11
229 3396 233 3456 1
249 3394 385 3444 institutis
403 3396 423 3442 B
436 3395 458 3441 V
475 3392 484 3458 11
501 3395 534 3444 29
553 3395 652 3458 genuil
668 3397 776 3458 scripsi:
795 3395 890 3459 genuit
908 3395 980 3444 diem
996 3398 1024 3443 Η
1041 3395 1084 3445 1111

115 3458 170 3511 diei
189 3463 235 3524 qui
252 3461 278 3510 h.
298 3477 323 3526 g.
344 3462 402 3511 dies
422 3463 552 3511 Liuineius
569 3459 612 3509 illi
631 3461 677 3524 qui
695 3462 721 3516 h.
739 3477 766 3526 g.
784 3462 844 3514 dies
859 3463 989 3527 Houptius
1007 3467 1023 3513 l.
1041 3466 1056 3512 l.
