2294 3780
385 148 543 200 rameru
561 149 596 201 o.
620 151 729 201 ee-ea
998 152 1042 216 63

70 300 255 378 temporum
270 299 457 361 constanter
470 300 608 380 utamur,
626 318 705 382 quos
720 299 867 365 meminit
881 302 939 365 sub
954 302 1038 366 malo

70 379 336 529 immitit
356 381 483 530 till?
499 387 1039 534 stultllllcl⁰tt⁰llitt⁰lt

71 549 175 613 salute
195 488 376 634 priiicipum
398 489 435 614 ali
450 553 580 634 propter
599 489 672 615 iliis
693 490 756 635 prii
773 518 962 618 aeternitate
979 492 1038 618 im·

70 633 153 718 perii
174 633 363 699 solebamus
391 634 471 699 haec
485 656 543 718 pro
563 635 756 719 imperatore
775 641 887 702 nostro
908 638 944 703 in
958 656 1065 723 quae-‘r

71 718 138 782 sint
159 719 259 782 uerba
281 722 429 802 susceptu
450 740 565 803 operae
582 721 721 803 pretium
744 725 793 786 est
807 722 975 788 adnotare:
999 725 1039 788 ‘si

72 801 253 866 bene.rem
278 803 440 886 publicam
475 808 507 867 et
538 825 577 868 ex
608 804 748 869 utilitate
783 807 927 871 omnium
958 808 975 845 *
1001 808 1035 846 *⁹
1074 842 1078 850 ‹

72 887 172 971 digna
193 891 270 952 uota
292 908 373 970 quae
396 909 520 971 semper
535 889 751 973 suscipiantur
773 911 959 975 semperque
977 891 1043 956 sol·'

71 974 197 1036 uantur.
248 971 315 1056 egit
338 993 410 1036 cum
432 972 480 1037 dis
503 972 573 1055 ipso
595 976 629 1038 te
651 977 797 1056 auctore,
825 975 956 1058 Caesar,
987 996 1037 1039 res

70 1055 200 1139 publica
220 1058 257 1119 ut
276 1059 309 1120 te
331 1058 483 1140 sospitem
505 1057 757 1142 incolumemque
774 1063 986 1142 praestarent,
1010 1060 1077 1124 si1o

69 1146 107 1203 tu
130 1143 253 1204 ceteros
274 1141 504 1225 praestitisses3
531 1142 559 1205 si
582 1146 703 1225 contra,
725 1143 774 1206 illi
796 1165 921 1227 quoque
944 1167 963 1208 a
985 1165 1037 1208 cu-

70 1224 177 1288 stodia
203 1225 252 1288 tui
274 1225 389 1308 capitis
412 1226 520 1291 oculos
543 1226 743 1291 dimouereut
764 1230 858 1309 teque
879 1228 1037 1311 relinque·

70 1314 144 1372 rent
171 1309 256 1373 uotis
288 1331 368 1392 quae
396 1330 461 1374 non
487 1310 595 1393 palam
623 1311 706 1374 susci
730 1315 869 1376 crentur.
918 1311 974 1374 alii
1003 1332 1038 1375 re

70 1414 109 1457 su
132 1393 260 1457 erstites
286 1393 333 1457 rei
354 1394 501 1477 publicae
524 1395 682 1477 optabant
702 1333 943 1478 iiciebantque:
976 1395 1037 1458 tibi

70 1499 86 1542 s
121 1499 159 1540 us
185 1480 242 1540 tua
267 1477 372 1541 inuisa
399 1481 462 1560 est,
497 1479 525 1542 si
551 1499 619 1542 non
646 1479 689 1542 sit
715 1499 788 1542 cum
814 1479 859 1543 rei
888 1478 1036 1562 publicae
1050 1497 1076 1538 1⁵

70 1560 173 1626 salute
201 1561 381 1626 coniuncta.
426 1561 508 1626 nihil
535 1584 594 1647 pro
622 1565 653 1627 te
678 1563 798 1647 pateris
826 1564 944 1647 optari,
972 1563 1037 1628 nisi

71 1646 221 1730 expediat
242 1647 438 1730 optantibus,
463 1647 672 1730 omnibusque
694 1648 789 1711 annis
811 1648 846 1712 in
868 1647 1038 1713 consilium

70 1731 110 1794 de
131 1733 165 1794 te
184 1730 259 1794 deos
279 1730 381 1794 mittis
404 1732 567 1815 exigisque
589 1735 625 1795 ut
639 1733 835 1796 sententiam
856 1753 947 1796 suam
969 1754 1037 1796 mu·

69 1817 158 1896 tent,
191 1815 276 1878 situ
303 1815 378 1879 talis
401 1836 470 1880 esse
498 1815 628 1881 desieris
651 1816 754 1899 qualis
776 1817 896 1882 electus
919 1838 969 1899 es,
1004 1818 1037 1881 et

69 1899 445 2047 ldisgenttitecm'menliai
475 1898 626 2050 Caesar,t
641 1901 732 1984 quasi
759 1901 930 1999 pecisceris
964 1922 1035 1965 cum
1048 1919 1075 1958 20

69 2067 115 2131 ns
137 2005 645 2153 latetmttlettute
659 2007 1035 2166 tolleretur,

69 2154 179 2235 patres
207 2153 399 2236 conscripti,
428 2152 507 2217 haec
534 2154 644 2218 diebus
670 2175 708 2218 ac
734 2154 884 2217 noctibus
911 2154 1036 2236 agrtare

70 2257 178 2300 secum
201 2237 340 2302 uidetur:
379 2244 450 2322 ‘ego
473 2237 599 2320 quidem
622 2238 656 2301 iu
677 2259 739 2318 me,
762 2237 789 2299 si
810 2237 953 2300 omnium
975 2237 1036 2299 uti-

69 2319 144 2384 litas
171 2321 218 2384 ita
241 2325 400 2404 posceret,
432 2321 529 2385 etiam
557 2321 712 2404 praefecti
738 2340 869 2384 manum
897 2318 1035 2383 armani:
1049 2336 1076 2377 ιι

70 2404 127 2469 sed
154 2425 196 2469 ne
224 2405 355 2470 deorum
377 2405 505 2490 quidem
533 2409 588 2469 aut
604 2406 689 2469 iram
717 2407 773 2468 aut
794 2402 1037 2488 neglegentiam

70 2489 238 2574 deprecor3
264 2511 382 2573 quaeso
404 2490 502 2554 immo
524 2494 556 2555 et
577 2491 721 2554 obtestor
741 2510 784 2553 ue
805 2509 955 2572 umquam
976 2508 1036 2571 pro

70 2595 122 2636 me
148 2576 226 2637 uota
251 2595 303 2638 res
325 2575 455 2656 publica
476 2575 580 2640 inuita
607 2574 851 2658 suscipientem,
881 2573 909 2637 si
931 2593 1036 2638 susce·

69 2658 156 2741 perit
177 2657 297 2740 inuita,
320 2680 362 2723 ne
385 2659 535 2722 debeat’?

135 2740 283 2806 LXVIII.
314 2741 410 2826 Oapis
433 2764 522 2828 ergo,
544 2742 669 2826 Caesar,
692 2743 803 2807 salutis
825 2747 899 2806 tuae
920 2741 1035 2826 glorio·
1048 2760 1075 2801 ao

70 2825 234 2890 sissimum
260 2826 402 2891 fructum
428 2849 467 2891 cx
495 2849 651 2892 consensu
678 2827 816 2890 deorum.
860 2847 933 2889 nam
964 2846 1037 2888 oum

71 2910 211 2993 excipias
238 2914 273 2974 ut
295 2911 342 2974 ita
364 2912 492 2976 demum
517 2916 549 2976 te
571 2913 622 2976 dei
644 2914 787 2994 seruent,
816 2911 843 2974 si
866 2911 946 2974 bene
968 2929 1037 2971 rem

139 3136 156 3183 3
173 3133 254 3183 immo
273 3148 321 3197 pro
340 3133 431 3183 salute
449 3133 604 3198 principum
621 3148 638 3183 u
656 3148 682 3182 r:
702 3149 749 3184 om.
766 3134 786 3180 B
801 3133 822 3180 V
833 3133 866 3181 W
877 3146 903 3180 m
924 3130 934 3196 ΙΙ
955 3133 971 3181 5
988 3131 1036 3180 im-

70 3205 198 3263 peratore
207 3202 371 3252 Perizonius:
389 3201 539 3265 imperial!
554 3200 558 3264 Ι
573 3203 602 3250 in
614 3217 667 3267 quo
680 3202 700 3249 B
712 3202 734 3247 V
749 3202 754 3260 Ι
770 3204 834 3250 sunt
846 3202 863 3248 c
876 3197 886 3264 11
900 3201 914 3249 7
934 3197 1038 3248 rexeris

72 3270 187 3329 (rexerit
199 3272 293 3318 mauolt
304 3268 384 3332 Keil.)
396 3271 516 3332 supplent
527 3271 585 3320 cdd.
602 3266 612 3333 ΙΙ
635 3271 665 3318 12
678 3265 789 3334 capitis]
805 3267 957 3333 corporisc
972 3271 976 3328 Ι
992 3265 1036 3314 de-

70 3336 276 3385 mouerentVW
289 3332 299 3401 ΙΙ
313 3338 342 3386 17
351 3335 535 3386 conciliumW
547 3333 557 3401 ΙΙ
571 3339 602 3386 19
610 3334 712 3388 tutelis
720 3351 780 3387 essa
790 3338 898 3399 scripsi:
907 3333 1037 3383 tulieeeH

71 3407 102 3453 tu
114 3416 206 3454 essew
218 3403 284 3453 talis
295 3417 382 3468 esseg
397 3403 400 3466 Ι
418 3408 446 3453 et
454 3419 515 3468 epo:
528 3405 609 3454 aedll
621 3401 631 3468 ΙΙ
644 3405 677 3454 20
687 3404 765 3469 quasi
774 3405 882 3467 scripsi:
895 3400 1037 3518 qualitur,

70 3473 221 3522 omwedd.
235 3467 244 3535 ΙΙ
257 3473 288 3521 21
302 3472 430 3523 merueris
443 3472 554 3522 Kellios:
566 3472 711 3524 mereberis
720 3473 747 3519 Μ
758 3470 885 3520 merearIs
917 3467 1038 3518 tetardus
