2294 3780
108 156 171 220 240
433 156 466 204 X.
495 156 644 206 NAZARII
662 157 741 207 PAN.

108 327 353 369 commemorare
379 305 463 388 quod
484 305 605 368 nullam
633 308 865 386 matronarum,
895 303 946 367 eui
968 303 1081 367 forma

109 390 305 454 emendatior
327 389 438 472 fuerit,
467 389 543 453 boni
570 389 618 452 sui
640 389 674 472 pi
721 389 761 468 it,
795 409 866 452 cum
894 387 953 451 sub
975 387 1077 452 absti-

108 475 298 538 nentissimo
320 474 512 556 imperatore
540 473 661 557 species
696 472 844 536 uculeuta
869 491 936 535 non
957 471 1075 534 incita-

108 559 172 622 trix
194 559 343 622 licentiae
366 561 459 639 esset,
481 557 536 620 sed
555 557 685 640 pudoris
705 555 871 619 hortatrix.
900 576 980 638 quae
1003 556 1080 618 sine
1128 613 1131 618 .

82 642 204 705 adubio
232 663 351 725 magna
385 661 440 704 seu
466 642 573 724 potius
601 640 711 703 diuina
737 640 879 703 laudatio
914 659 1008 720 saepe
1038 640 1075 702 in

108 726 186 808 ipsis
215 726 312 788 etiam
339 723 537 807 philosophis
565 745 631 788 non
654 727 719 787 tam
747 745 781 787 re
810 722 951 786 exhibita
976 744 1076 806 quam

109 809 326 892 disputatione
353 813 397 872 est
422 808 550 874 iactata.
595 808 649 871 sed
676 809 875 872 remittamus
902 806 964 870 hoc
985 807 1080 889 prin-

110 893 173 976 cipi
188 896 297 956 nostro
320 893 374 974 qui
391 892 437 954 ita
451 893 696 975 temperantiam
719 892 908 976 ingenerare
925 890 1080 954 omnibus

110 977 197 1059 eupit
218 980 254 1039 ut
276 998 346 1039 eam
371 997 437 1039 non
459 976 497 1038 ad
520 977 675 1039 uirtutum
701 997 830 1039 suarum
854 975 949 1038 decus
976 975 1078 1037 ascri-

70 1081 96 1119 10
109 1060 261 1142 bendam‚
292 1061 347 1124 sed
370 1062 409 1123 ad
432 1064 564 1124 naturae
588 1060 689 1142 ipsius
711 1059 913 1123 honestatem
934 1058 1076 1122 referen-

110 1144 181 1206 dam
205 1145 404 1208 arbitremur.
469 1144 546 1208 uid?
573 1143 686 1207 faciles
708 1144 826 1226 aditae,
855 1141 952 1225 quid?
980 1163 1080 1206 aures

108 1228 374 1311 patientissimas,
399 1166 499 1310 quid?
520 1229 662 1312 benigna
683 1249 852 1312 respousa,
878 1225 976 1309 quid?
1004 1226 1077 1289 uul-

109 1317 178 1376 tum
200 1314 304 1397 ipsum
333 1314 460 1396 augusti
483 1313 605 1376 decoris
628 1313 803 1396 grauitate,
831 1309 993 1373 hilaritate
1018 1309 1075 1374 ad-

108 1399 224 1478 mixta,
247 1396 463 1461 uenerandum
487 1397 636 1479 quiddam
658 1401 691 1461 et
713 1395 848 1459 amabile
870 1394 1077 1476 renitentem,

71 1500 96 1540 ra
110 1482 299 1565 quisdigne
323 1481 435 1563 exequi
457 1480 583 1564 possit?
625 1502 758 1564 quarum
786 1500 892 1542 rerum
918 1478 1078 1541 miraculo

108 1565 155 1629 sic
176 1564 324 1629 homines
345 1565 605 1628 deuinciebantur
629 1568 666 1628 ut
686 1566 833 1629 nontam
856 1583 967 1626 omnes
989 1560 1079 1625 dole·

108 1653 182 1713 rent
211 1650 295 1732 quod
323 1649 414 1712 illum
440 1652 615 1732 tyrannum
648 1650 693 1711 ita
722 1649 775 1711 diu
802 1647 943 1710 tulerant
976 1667 1076 1728 quam

109 1732 192 1815 quod
214 1733 271 1795 tali
293 1733 437 1815 principe
459 1736 526 1795 tam
548 1753 618 1796 sero
640 1733 830 1796 fruerentur.

173 1815 307 1879 XXXV.
337 1815 486 1911 Longum
508 1818 557 1879 est
579 1838 617 1879 ex
638 1816 694 1879 illo
716 1836 902 1899 percensere
917 1813 1079 1878 beneficia

70 1917 96 1957 ro
109 1898 262 1981 principis
290 1920 369 1982 quae
396 1920 432 1961 1n
453 1900 562 1963 orbem
590 1899 659 1962 sine
685 1900 780 1963 modo
807 1898 972 1962 redeuntia
999 1918 1078 1961 con-

109 1984 198 2045 texta
223 1982 289 2046 eius
311 1983 510 2068 benignitate
530 1983 690 2047 fulserunt
711 1985 758 2047 ita
780 1983 907 2046 infinita
928 2002 1076 2064 numero,

110 2067 282 2131 commodis
310 2089 444 2151 magna,
472 2071 508 2131 ut
531 2089 703 2151 numquam
732 2068 926 2130 obliuionem
949 2065 1075 2149 gratiae

109 2149 285 2215 obductura
308 2153 350 2215 sit
372 2153 423 2215 uel
437 2152 610 2215 multitudo
633 2153 775 2215 omnium
797 2150 849 2214 uel
864 2149 987 2214 utilitas
1009 2149 1078 2212 sin-

109 2234 264 2317 gulorum.
296 2237 434 2318 sensisti,
457 2235 571 2318 Roma,
595 2235 725 2299 tandem
748 2255 854 2298 arcem
875 2236 907 2296 te
930 2233 1076 2297 omnium

70 2335 95 2375 25
108 2319 253 2401 gentium
276 2322 308 2383 et
322 2322 480 2383 terrarum
502 2341 570 2384 esse
585 2320 742 2403 reginam,
768 2340 840 2382 cum
863 2338 901 2381 ex
924 2316 1078 2380 omnibus

108 2403 283 2484 prouinciis
310 2405 478 2549 optimates
506 2405 592 2467 uiros
620 2404 725 2467 curiae
747 2406 821 2465 tuae
842 2400 1076 2496 pignoratoria,

108 2487 144 2547 ut
171 2490 300 2553 senatus
349 2488 469 2571 ignitas
496 2508 561 2551 non
588 2488 718 2550 nomine
745 2507 840 2569 quam
867 2506 901 2548 re
930 2487 1013 2548 esset
1037 2483 1075 2546 11-

108 2568 246 2649 lustrior,
271 2591 343 2632 cum
366 2592 404 2632 ex
425 2572 525 2633 totius
547 2571 633 2634 orbis
655 2572 732 2634 flore
756 2571 924 2634 constaret.
961 2567 1075 2650 populi

108 2672 184 2714 uero
211 2652 350 2716 Romani
377 2653 426 2715 uis
453 2653 509 2716 illa
537 2658 569 2717 et
596 2653 784 2738 magnitudo
811 2651 1004 2716 uenerabilis
1031 2651 1073 2713 ad

69 2753 95 2794 ao
108 2735 280 2819 imaginem
316 2736 517 2820 antiquitatis
549 2737 649 2801 relata
681 2759 747 2802 nou
779 2737 910 2800 lieentia
945 2734 1075 2799 effrenis

176 2927 191 2972 2
211 2925 462 2975 abstinentissimos
480 2926 657 2989 imperatores
675 2927 710 2986 K,
728 2940 797 2975 corr.
816 2939 841 2973 w
861 2921 871 2988 ΙΙ
892 2920 1006 2972 clocul.
1023 2919 1047 2968 A
1065 2918 1075 2986 ll

107 2990 276 3041 4hortatrix
294 2995 442 3043 Aa'dalias:
462 2992 585 3041 ornatrix
602 2994 630 3039 Κ
658 2990 668 3056 ΙΙ
698 2994 713 3040 6
732 2993 815 3040 etiam
834 2994 862 3039 in
880 2990 948 3052 ipsis
967 2987 1033 3052 phil.
1050 2988 1075 3036 A

108 3054 116 3121 l
134 3059 293 3108 7assaddidr':
311 3076 358 3109 om.
377 3061 405 3106 K
421 3059 529 3108 iactata
547 3065 589 3108 est
605 3073 630 3107 w
650 3057 660 3124 ΙΙ
684 3062 699 3110 8
717 3061 861 3122 intemper.
880 3070 1012 3122 generare
1030 3056 1047 3104 0
1066 3051 1076 3120 ΙΙ

109 3125 141 3174 10
159 3123 194 3172 ad
212 3140 257 3174 om.
276 3128 309 3174 W
332 3123 341 3189 ΙΙ
373 3129 402 3174 11
422 3126 569 3176 arbitretur
586 3139 610 3173 w
634 3124 644 3191 ΙΙ
675 3129 706 3177 13
724 3126 846 3175 admixta
863 3124 887 3173 A
904 3123 994 3174 Bert:
1013 3137 1075 3187 per-

107 3192 193 3240 mixta
211 3191 231 3238 B
249 3193 266 3239 0
284 3193 353 3240 ΠΙ
373 3190 383 3256 ΙΙ
406 3194 437 3241 14
455 3192 613 3242 uenerabile
629 3193 705 3244 Bert.
722 3191 726 3257 Ι
742 3192 911 3243 renidentem
929 3192 987 3241 edd.
1009 3187 1020 3256 ΙΙ
1041 3191 1075 3240 16

107 3257 229 3308 homines
247 3274 307 3322 epo:
331 3274 425 3308 omnes
444 3261 484 3320 K;
508 3262 614 3310 alteram
632 3275 723 3310 omnes
740 3263 842 3310 seclusit
859 3261 986 3322 drepente
1007 3255 1017 3322 n
1041 3259 1074 3308 1'1

108 3323 160 3388 ita]
180 3331 236 3375 tam
254 3327 287 3373 W
308 3325 318 3391 ΙΙ
340 3329 373 3376 20
389 3327 483 3375 urbem
501 3329 540 3387 K,
560 3329 777 3378 conclamaretur
798 3325 808 3392 11
829 3329 860 3376 21
880 3327 1018 3377 fulserunt
1035 3337 1073 3374 w:

107 3393 253 3457 pulserunt
269 3397 297 3442 Η
312 3395 315 3458 Ι
331 3399 436 3445 tumere
448 3395 471 3441 A
488 3392 498 3458 ΙΙ
515 3397 547 3444 22
566 3394 704 3445 obliuione
723 3397 757 3456 H,
776 3411 843 3445 corr.
856 3409 882 3442 w
898 3392 908 3458 ΙΙ
925 3395 958 3444 26
976 3393 1073 3459 pigne·

107 3462 209 3511 rareris
226 3462 247 3509 B
265 3464 282 3510 0
300 3464 322 3510 V
338 3463 371 3510 W
388 3461 577 3528 pigneraueris
595 3464 653 3512 edd.
