2294 3780
268 132 722 186 sueonos1onucusron.
744 135 837 186 e-ro.
972 132 1036 197 279

68 282 117 346 dis
145 284 273 365 tempus
300 282 413 363 dabas,
442 302 509 346 rem
539 285 572 346 et
592 283 711 346 famam
738 283 857 365 pariter
886 284 1035 367 augebas.

69 370 103 430 et
129 366 165 429 in
186 367 318 430 urbibus
340 366 467 449 quidem
494 367 638 430 omnium
665 370 806 431 aetatum
828 366 1037 449 ordinumque

68 451 216 515 homines
237 449 288 514 his
311 455 366 514 aut
387 450 452 514 illis
474 449 638 514 beneficiis
661 451 937 534 apprehendebas,
961 450 1038 514 ami-

70 555 180 599 corum
201 535 365 598 commoda
382 536 609 616 praesentiam,
635 535 817 599 absentium
837 536 969 619 negotia
991 556 1038 598 as-

69 619 219 683 siduitate
235 619 367 683 consilio
382 641 417 682 re
431 619 573 683 iuuabas.
601 620 676 701 iam,
693 619 720 682 si
735 620 908 704 placuisset
922 618 1065 701 oppidas

69 723 143 767 rure
158 707 290 785 mutare,
313 706 350 766 nt
364 707 399 766 tu
414 703 501 766 uitae
523 703 641 767 oblitus
656 703 799 768 urbanae
816 703 1040 787 exsequebaris

132 786 264 851 'colaml
302 788 396 850 audio
419 788 529 869 etiam,
552 789 737 870 imperator,
762 793 794 853 et
816 789 920 870 credo,
944 808 1039 871 saepe

105 872 178 955 ‘qua
199 875 232 935 te
253 871 399 934 laborum
418 872 478 935 tibi
500 873 563 955 ipsi
585 872 762 936 iniunxisse
785 876 827 955 et,
851 894 893 937 ne
916 876 1040 937 conna-

70 954 163 1019 heres
184 958 312 1039 torpore
336 956 477 1039 corporis
497 959 674 1037 ueternum,
699 956 937 1039 cuiusquemodi
960 978 1040 1020 sem-

70 1061 128 1123 per
161 1061 257 1122 opere
288 1039 470 1103 insidiantis
504 1040 562 1103 otii
593 1040 722 1103 tersisse
754 1040 946 1124 rubiginem.
995 1041 1080 1104 sic1o

71 1127 215 1209 agrestes
245 1123 333 1188 Curii
339 1174 349 1206 ,
379 1125 424 1188 sic
452 1126 577 1188 ueteres
606 1123 801 1205 Coruncani,
835 1126 881 1189 sic
908 1124 1042 1188 nomina

71 1208 247 1272 reserenda
262 1207 410 1286 Fabricii,
434 1229 506 1272 cum
528 1206 675 1272 induciae
691 1207 775 1272 bella
797 1209 1042 1291 suspenderant,

70 1293 158 1356 inter
186 1295 294 1356 aratra
321 1292 474 1356 uiuebant
501 1296 549 1374 et,
580 1313 622 1355 ne
649 1293 751 1355 uirtus
779 1293 885 1374 quiete
911 1293 1043 1376 langue·

71 1380 191 1459 sceret,
225 1376 378 1459 depositis
406 1376 441 1439 in
469 1376 593 1472 gremio
616 1374 791 1459 Capitolini
812 1375 898 1439 louis
925 1376 1042 1439 laureis

71 1459 284 1543 triumphales
317 1460 380 1523 uiri
410 1461 656 1524 rustlcabantur.
701 1460 775 1523 inde
805 1463 854 1523 est
881 1460 964 1544 quod
992 1481 1041 1524 ac·
1056 1476 1081 1517 rs

72 1544 326 1712 essentne
346 1544 1043 1713 seruitute,stratorem·

72 1715 158 1778 lares
169 1717 377 1796 pastoresque
389 1712 553 1776 trabeatos
569 1716 602 1775 et
611 1678 785 1776 dictatores
800 1714 885 1776 inter
896 1715 1044 1775 armenta

72 1798 218 1862 uestitos.
263 1802 295 1861 et
316 1797 389 1860 illos
411 1797 540 1880 quidem
565 1800 704 1881 angusta
727 1818 778 1860 res
799 1797 969 1860 familiaris
991 1795 1045 1859 ad-

73 1881 200 1945 dicebat
222 1881 334 1962 labori,
357 1884 393 1944 ut
415 1881 530 1965 quibus
551 1881 630 1964 ipsis
653 1882 827 1946 suburbani
846 1881 933 1945 horti
954 1901 1043 1964 prae·
1057 1898 1083 1937 20

73 1987 212 2050 cepsque
233 1964 410 2029 Ianiculum
436 1968 469 2029 et
490 1966 603 2049 iugera
624 1970 730 2029 artata
751 1967 894 2050 pomerio
916 1985 1045 2028 uomere

74 2053 183 2115 essent
209 2052 265 2112 aut
286 2050 396 2133 ligone
424 2049 582 2113 uersanda
609 2071 669 2112 nec
691 2051 809 2112 iniuria
836 2070 915 2131 opus
940 2069 1045 2111 reuer-

73 2137 196 2199 teretur
225 2133 266 2197 ad
291 2134 455 2213 dominos,
486 2154 557 2196 cum
586 2132 719 2195 deerant
746 2133 861 2215 quibus
888 2132 1044 2195 iuberent.

75 2217 218 2283 detrahit
238 2218 365 2282 landem
387 2217 563 2300 patientiae
589 2216 715 2300 inopia:
749 2215 880 2279 maioris
908 2214 1045 2297 exempli

76 2306 125 2367 est
147 2303 239 2366 labor
261 2302 330 2366 sine
352 2301 554 2365 necessitate.
1056 2316 1082 2355 so

139 2386 179 2451 X.
231 2385 380 2450 Gaudent
406 2385 550 2470 profecto
578 2387 733 2468 perpetuo
762 2383 872 2447 diuina
898 2384 986 2445 motu
1013 2386 1046 2445 et

75 2470 417 2619 trtiltttttte
432 2472 578 2618 erest
611 2468 878 2617 tttltdc
894 2466 1047 2615 ‘t‘sslqul‘i

76 2640 239 2704 indefessa
266 2638 392 2721 nertigo
426 2638 548 2702 caelum
575 2603 674 2721 dotat,
712 2640 749 2701 ut
775 2637 877 2701 maria
905 2635 1046 2700 aestibus

148 2913 160 2960 l
184 2927 253 2971 rem3
280 2918 342 2973 prato
368 2926 442 2976 spem
473 2909 483 2975 ΙΙ
512 2912 529 2958 4
556 2909 743 2973 praesentium
771 2909 874 2957 addidi:
904 2923 950 2958 om.
972 2909 1000 2955 Ι
1029 2904 1043 2971 ΙΙ

78 2982 92 3028 7
112 2976 207 3045 etiam]
228 2979 300 3027 enim
319 2977 465 3042 Setefferus
481 2976 492 3041 ΙΙ
509 2979 525 3026 8
544 2977 598 3041 ipsi
615 2992 661 3027 om.
676 2978 705 3035 ος
724 2977 806 3024 malim
821 2974 911 3038 ipsum
928 2973 938 3039 Ι
956 2976 972 3024 9
989 2977 1045 3024 tor·

76 3061 143 3111 pore
163 3046 285 3110 corporis
302 3047 410 3108 scripsi:
429 3045 546 3110 torporis
563 3044 585 3091 Δ
604 3046 621 3092 G
639 3043 671 3092 W
690 3045 813 3107 corporis
830 3042 891 3091 BV
917 3040 921 3101 Ι
955 3042 1046 3091 cuius-

78 3113 206 3177 quemodi
224 3114 371 3164 hiratarius:
398 3110 577 3161 cuiuscemodi
593 3113 622 3159 1
645 3109 823 3174 (eiuscemodi
840 3108 883 3169 W)
912 3106 922 3174 ΙΙ
954 3111 984 3158 16
1004 3113 1047 3159 est

78 3178 163 3245 quod]
185 3181 292 3245 quidem
310 3180 343 3229 W
371 3177 381 3244 ΙΙ
411 3181 443 3227 1e
465 3179 557 3229 fasses
576 3178 608 3227 W
636 3176 646 3241 ΙΙ
678 3180 708 3228 17
730 3174 800 3244 suis]
823 3177 898 3228 sellis
917 3178 1048 3226 Puteanus

80 3248 92 3312 ΙΙ
122 3251 153 3297 19
172 3255 199 3297 et
215 3250 323 3309 scripsi:
348 3245 397 3298 sed
414 3248 441 3293 E
465 3244 470 3307 Ι
494 3247 652 3309 augustat
681 3243 691 3310 ΙΙ
721 3249 754 3297 20
775 3252 835 3310 post
853 3244 951 3309 quibus
970 3243 1046 3293 Bere.

76 3315 206 3365 uidelicet
223 3317 296 3365 addit
311 3318 316 3372 Ι
332 3315 386 3378 ipsi
403 3326 428 3361 w
448 3311 458 3377 ΙΙ
479 3314 512 3361 26
531 3318 662 3377 perpetuo
680 3320 740 3363 ante
758 3313 885 3377 profecto
902 3310 1016 3359 iterate
1040 3307 1045 3374 Ι

77 3389 184 3448 perpet.
204 3382 287 3432 diuin.
305 3381 397 3434 Bere:
418 3380 504 3430 diuiu.
524 3385 626 3444 perpet.
644 3381 671 3428 Π
700 3378 710 3444 Ι
740 3381 773 3430 28
793 3374 976 3429 uastando:
1000 3390 1048 3425 no·

80 3457 140 3502 Stra
156 3450 177 3498 Β
196 3450 217 3496 V
233 3450 266 3498 W
1106 3466 1109 3489 :
