2294 3780
102 176 164 240 208
425 177 473 227 1x.
504 174 652 225 INCERTI
669 173 750 223 Pau.

103 327 242 411 gaudere
271 326 379 390 cuncti
406 325 660 407 spectaculorum
687 344 776 387 mora
804 326 837 387 et
858 321 1075 387 familiaribus

104 411 165 475 sibi
193 411 367 476 artificibus
395 410 437 472 ob
464 408 525 472 hoc
553 408 656 471 solum
683 407 793 471 fauere
822 407 905 489 quod
927 410 960 471 te
981 427 1077 490 prae·

105 500 195 560 sente
218 496 387 559 certarent.

168 579 240 643 XX.
291 577 376 641 Nam
399 576 474 660 quid
497 596 556 660 ego
579 575 617 638 de
639 577 704 640 tuis
731 576 877 639 incuria
902 574 1075 639 sententiis

79 667 200 748 satque
224 662 304 726 actis
322 661 458 744 loquar?
504 660 596 724 uibus
619 662 744 725 senatui
766 660 988 724 auctoritatem
1010 660 1076 742 pri·

106 748 225 810 stiuam
247 745 428 828 reddidisti,
453 682 604 828 salutem,
626 766 721 828 quam
743 766 801 828 per
822 747 854 808 te
876 746 1075 826 receperant,

105 853 173 895 non
195 831 378 913 imputasti,
407 830 593 894 memoriam
616 832 683 893 eius
711 830 745 892 in
767 831 896 912 pectore
917 831 972 891 tuo
994 848 1077 891 sem-

105 917 267 999 piternam
289 914 357 979 fore
380 915 590 998 spopondisti.
621 913 760 978 dicerem
782 912 874 996 plura
897 912 935 975 de
956 911 1077 976 diuinis

107 999 306 1063 orationibus
332 1002 411 1081 tuis,
442 1001 480 1062 de
509 998 619 1062 oblata
645 998 752 1080 potius
780 1019 876 1081 quam
905 997 1078 1080 impetrata

70 1106 95 1145 ιο
108 1084 320 1168 benignitate,
345 1084 408 1147 nisi
429 1083 558 1147 mallem
581 1081 665 1145 dicta
686 1085 820 1146 reticere
842 1081 918 1144 dum
939 1100 1078 1228 propero

107 1169 194 1232 facta
217 1168 355 1232 laudare.
384 1168 560 1252 quamlibet
582 1165 680 1229 uerba
697 1171 753 1230 tua
775 1166 810 1229 in
832 1169 944 1229 senatu
966 1165 1008 1229 ha
1031 1166 1078 1228 ita

107 1254 200 1317 nobis
223 1273 287 1317 aon
306 1254 385 1316 nota
401 1252 477 1334 sint,
499 1255 610 1316 tamen
626 1251 733 1334 qualia
748 1251 870 1314 fuerint
889 1250 1078 1314 clementiae

108 1341 184 1401 tuae
206 1337 311 1433 gloria
332 1337 504 1400 nuntiauit.
544 1358 564 1400 o
586 1335 716 1398 tandem
738 1335 816 1400 felix
840 1335 942 1416 ciuili,
964 1333 1079 1416 Roma,

108 1423 263 1486 uictoria!
301 1422 417 1503 irrupit
442 1424 475 1484 te
504 1421 580 1484 olim
603 1418 708 1485 Cinna
734 1420 873 1485 furiosus
902 1422 935 1483 et
955 1417 1080 1481 Marius

71 1528 96 1568 15
109 1506 223 1587 iratus,
253 1506 307 1588 qui
329 1527 396 1569 non
418 1505 487 1569 solo
516 1527 549 1569 se
573 1505 700 1570 Octauii
728 1504 869 1568 consulis
897 1503 1003 1585 capite
1031 1524 1080 1567 sa·

108 1590 246 1671 tiarunt,
281 1589 336 1653 sed
363 1590 538 1653 luminibus
573 1589 713 1653 ciuitatis
742 1588 892 1652 extinctis
920 1586 1079 1670 exempla,

109 1696 191 1758 quae
212 1695 299 1745 nunc
314 1675 382 1737 toto
405 1675 557 1738 sexennio
577 1695 674 1758 passa
698 1695 741 1756 es,
765 1673 971 1756 reliquenmt.
1000 1670 1082 1735 uic‘t

109 1760 226 1822 iterum
247 1758 308 1820 tibi
331 1761 406 1821 ante
428 1761 557 1841 portam
580 1757 741 1824 Collinam
764 1757 867 1836 Sulla,
895 1756 973 1821 felix
996 1756 1024 1820 si
1046 1776 1081 1820 se

110 1842 237 1925 parcius
259 1841 468 1925 uindicasset3
491 1848 536 1906 set
557 1843 643 1905 enim
666 1843 775 1906 multis
797 1841 954 1925 capitibus
976 1843 1083 1905 rostra

72 1948 98 1987 1ο
111 1925 295 2008 compleuit.
312 1924 544 1990 Constantinus
553 1927 707 1991 uictoriae
716 1927 879 1991 licentiam
890 1926 955 1989 fine
965 1924 1083 2008 proelii

110 2010 313 2074 terminauit:
342 2009 466 2094 gladios
488 2032 529 2074 ne
551 2011 586 2074 in
608 2032 717 2075 eorum
739 2011 867 2095 quidem
890 2009 1083 2094 sanguinem

111 2095 226 2159 distrin
254 2095 260 2107 '
283 2116 396 2178 passus
419 2098 468 2159 est
490 2117 568 2179 quos
591 2096 631 2159 ad
654 2096 811 2179 supplicia
832 2096 996 2178 poscebas.

175 2179 205 2242 X
256 2228 262 2241 .
312 2179 463 2244 Deditam
495 2180 557 2244 sibi
587 2180 672 2244 idem
700 2179 789 2245 Sulla
823 2181 1084 2262 exarmatamque

112 2264 274 2349 legionem
306 2265 341 2328 in
369 2265 447 2328 uilla
475 2265 604 2347 publica
637 2265 811 2329 trucidauit
837 2263 1083 2347 perculsumque

73 2368 99 2409 15
111 2350 317 2413 morientium
331 2349 454 2433 gemitu
477 2352 622 2414 senatum
644 2350 772 2413 monuit
793 2370 834 2412 nc
848 2348 978 2411 timeret
998 2346 1085 2431 quod

111 2435 181 2517 ipse
204 2434 357 2497 iussisset.
387 2436 421 2497 at
442 2434 503 2497 iste
524 2435 629 2497 uictor
649 2455 715 2497 non
737 2433 830 2498 modo
853 2432 1004 2515 hostium,
1028 2431 1084 2496 sed

114 2518 210 2580 etiam
236 2518 390 2580 uictoriae
412 2539 504 2600 suae,
534 2518 685 2601 quicquid
707 2519 846 2582 militum
867 2515 952 2580 bello
974 2537 1084 2600 super·

113 2601 189 2682 fuit,
218 2601 276 2664 tibi
300 2602 485 2664 reseruauit.
528 2602 589 2665 tibi
615 2603 701 2665 enim
728 2603 793 2666 iam
816 2601 974 2683 militant,
1003 2621 1084 2683 quos

114 2688 227 2748 exutos
250 2685 347 2747 armis
369 2685 413 2747 im
437 2686 476 2748 iis
498 2684 649 2749 aduersus
672 2687 782 2751 hostes
796 2687 951 2750 barbaros
973 2704 1084 2748 rursus

75 2788 101 2828 ao
115 2768 261 2834 armauit.
290 2769 355 2832 iam
377 2707 469 2832 obliti
484 2769 669 2834 deliciarum
691 2772 768 2835 circi
789 2770 920 2834 maximi
943 2772 976 2832 et
990 2767 1084 2833 Pom·

182 2961 199 3007 4
217 2959 246 3007 in
265 2958 355 3008 curias
373 2957 484 3023 ABVss
502 2960 533 3008 10
551 2959 626 3008 dicta
642 2973 678 3008 w:
701 2964 779 3009 recta
796 2961 824 3007 11
840 2956 849 3022 ΙΙ
867 2959 896 3007 11
918 2956 1084 3023 quamlibet3

114 3027 197 3074 uzalim
214 3040 277 3074 nam
295 3025 362 3075 licet
390 3024 400 3088 ΙΙ
432 3029 462 3075 12
480 3041 534 3074 non
552 3029 612 3076 add.
631 3027 771 3089 Jaeperua:
791 3043 837 3077 om.
855 3028 882 3073 n
899 3026 994 3089 ignota
1012 3026 1086 3076 nru-

115 3095 187 3141 neiua
203 3090 207 3155 Ι
224 3092 318 3156 qualia
330 3094 350 3141 B
363 3095 380 3141 0
394 3094 462 3142 Vw:
483 3093 557 3156 quali
569 3095 592 3141 A
604 3090 613 3157 ΙΙ
628 3098 659 3142 14
677 3100 704 3144 te
723 3093 787 3144 olim
799 3093 890 3143 Bert:
909 3092 973 3144 olim
990 3097 1019 3142 te
1031 3093 1061 3139 1
1080 3088 1084 3153 l

117 3156 215 3224 Cinna]
231 3160 308 3224 Sylla
320 3160 395 3211 Bert.
410 3159 420 3225 ΙΙ
435 3164 464 3211 15
478 3160 603 3225 Octauii]
618 3162 717 3211 oceani
728 3164 751 3210 A
765 3162 770 3227 Ι
786 3162 958 3211 sociaruntA
970 3157 981 3224 ΙΙ
994 3161 1026 3209 16
1040 3174 1087 3209 ex-

116 3224 224 3291 tinctis]
245 3230 353 3277 cunctis
365 3229 387 3275 A
400 3226 410 3293 ΙΙ
424 3232 454 3278 17
472 3226 512 3293 es]
527 3233 570 3279 est
581 3230 644 3276 Aw
657 3226 667 3294 ΙΙ
681 3231 712 3278 18
731 3245 760 3279 se
776 3245 822 3280 om.
835 3228 858 3277 A
870 3227 880 3293 11
895 3232 925 3279 19
944 3228 993 3278 sed
1011 3228 1086 3279 edd:

117 3309 163 3344 om.
176 3296 203 3342 At
215 3294 289 3344 Bert.
306 3295 309 3358 Ι
327 3298 426 3345 etenim
439 3294 531 3360 111120
548 3294 693 3361 uictoriae]
710 3298 810 3348 uictori
827 3298 910 3346 etiam
923 3299 940 3345 0
952 3292 963 3359 ll
976 3297 1007 3345 21
1028 3294 1087 3360 qui·

117 3361 175 3410 dem
188 3378 235 3411 om.
248 3363 270 3409 A
283 3360 293 3427 ΙΙ
306 3366 338 3411 21
351 3366 484 3427 poscebas
497 3365 531 3412 A:
550 3365 686 3428 poscebat
698 3366 718 3413 B
728 3368 745 3413 c
755 3366 777 3413 V
786 3368 819 3414 W
831 3362 841 3429 ΙΙ
854 3367 887 3414 24
900 3362 1087 3429 perclusumq.

116 3426 205 3493 Δ1125
218 3426 265 3496 no]
280 3437 308 3480 to
321 3433 343 3479 A
356 3430 366 3496 ΙΙ
379 3434 411 3483 28
429 3432 561 3481 militauit
573 3432 597 3480 A
608 3430 618 3497 ΙΙ
631 3434 664 3482 30
682 3433 837 3498 pompeiani
854 3433 939 3483 theat.
951 3445 991 3480 wc
1010 3445 1087 3495 pom·

116 3498 162 3562 pei
181 3498 316 3553 cintheat.
333 3502 353 3549 B
373 3500 480 3565 pompei
498 3499 626 3549 cmtheat.
645 3501 699 3549 Av
717 3500 837 3566 pompeii
855 3498 1032 3564 amphithcat.
1052 3501 1070 3548 0
