2294 3780
99 177 159 241 188
296 179 371 230 VIII.
401 178 550 230 INCER'II
569 179 739 231 GRATIAR.
756 177 869 230 ACTIO

53 398 57 403 ,
96 328 179 392 uotis
202 329 305 393 imber
326 328 469 392 ubertat:
492 329 538 391 ita
553 328 703 392 lacrimae
718 333 792 391 tuac
807 329 937 410 pectora
956 330 1079 391 nostra.

95 413 221 498 gaudiis
244 413 432 497 irrigabant,
455 415 501 494 ut,
525 412 672 495 quamuis
694 412 785 475 nefas
807 414 891 475 esset
911 414 944 475 te
967 412 1077 476 flente⁴

96 498 224 579 laetari,
255 498 401 561 uinceret
421 501 530 560 tamen
558 495 733 581 gratulatio
760 495 964 580 religionem,
993 517 1067 560 cnm

95 583 247 646 lacrimae
270 581 344 645 illae
365 582 494 664 pietatis
518 583 626 644 essent
647 581 783 664 indicae,
808 601 874 644 non
897 580 1026 644 doloris.

69 684 82 725 5
159 665 198 730 Χ.
243 665 287 729 Et
307 664 388 729 haec
410 665 537 748 quidem
560 666 653 729 nobis
682 665 723 728 ad
745 686 901 729 summam
923 664 1065 748 gratula-

94 750 217 814 tionem
239 749 384 813 suffioere
406 752 598 833 potuissent,
625 751 751 814 etiamsi
773 749 986 813 remediorum
1008 770 1067 813 uo·

96 838 235 898 strorum
258 855 347 917 spem
369 834 547 898 distulisses
572 838 605 898 et
626 835 740 918 quibus
762 855 821 897 nos
843 834 957 918 opibus
979 834 1067 898 lena

96 923 186 982 turus
210 939 294 982 esses
317 918 446 981 dubium
468 920 662 1002 reliquisses.
694 919 749 983 sed
771 923 837 982 tam
859 921 1008 1002 prompta
1028 919 1067 982 in

95 1009 127 1066 te
150 1007 200 1066 est
219 1006 335 1066 natura
349 1003 504 1068 bonitatis
526 1008 563 1072 ut
577 1004 660 1087 quod
676 1004 729 1087 pia
749 1006 857 1067 mente
879 1004 1079 1086 conceperis,

57 1110 83 1148 ro
97 1087 207 1151 statim
229 1108 307 1151 uoce
331 1087 480 1152 declares.
511 1088 557 1152 sic
579 1089 712 1172 ingenui
735 1088 879 1172 largique
900 1087 1008 1151 fontes
1028 1091 1068 1151 ut

95 1172 213 1254 ubique
235 1172 362 1255 prosint
388 1172 436 1236 ire
458 1172 629 1254 festinant,
658 1173 704 1236 sic
732 1172 878 1236 celeriter
905 1173 941 1235 in
962 1175 1067 1236 terras

97 1256 184 1321 caelo
206 1257 303 1320 missa
318 1257 519 1339 perueniunt,
542 1258 590 1321 sic
605 1257 742 1340 denique
757 1256 869 1320 diuina
889 1256 945 1320 illa
963 1277 1067 1339 mens,

71 1348 72 1353 ’
96 1362 177 1423 quae
198 1343 304 1405 totum
325 1342 478 1404 mundum
500 1341 587 1405 hunc
609 1341 780 1426 gubernat,
803 1340 957 1424 quidquid
980 1342 1066 1425 eogi-

95 1426 180 1488 tauit
200 1425 275 1489 ilico
298 1424 386 1489 facit.
432 1426 467 1489 in
489 1447 551 1509 quo
572 1429 699 1506 tamen,
721 1427 912 1509 imperator,
941 1426 969 1489 si
991 1446 1066 1489 con-

58 1531 83 1570 15
97 1509 204 1572 silium
238 1510 371 1573 alicuius
407 1511 501 1574 amici
533 1510 705 1574 callidioris
740 1511 943 1589 admittereS,
981 1513 1068 1574 esset

96 1592 180 1676 quod
203 1593 338 1657 fortasse
363 1593 626 1677 reprehenderet:
663 1595 797 1659 nimium
820 1599 852 1659 te
875 1595 999 1658 seilicet
1019 1593 1067 1657 fa·

97 1677 156 1742 cilo
180 1699 319 1761 eaquae
342 1678 385 1741 sis
407 1679 585 1742 tributurus
608 1680 730 1762 aperire
756 1682 789 1742 et
811 1680 878 1743 sine
901 1678 967 1742 ullo
990 1678 1076 1742 arti---

96 1761 169 1858 licio
193 1762 256 1825 cito
277 1782 423 1844 promere
446 1784 525 1844 quae
547 1764 670 1846 sperari
692 1763 746 1826 diu
769 1764 915 1860 debeant.
948 1764 1068 1845 neseis,

58 1953 83 1992 20
96 1847 1066 2014 tillet*0dl,,stadtplltltardttd?

20 2014 226 2102 *gentius
254 2014 416 2078 celeritate
438 2015 560 2097 uicisti,
592 2015 781 2100 imperator,
812 2017 882 2100 ipsa
906 2017 1067 2080 elementa

97 2103 211 2185 quibus
240 2099 419 2163 animamur
446 2104 478 2164 et
505 2101 653 2164 uiuimus.
699 2101 752 2165 diu
775 2101 902 2165 uenturi
923 2099 1065 2164 hominis

96 2187 207 2268 partus
230 2187 374 2267 optatur,
399 2185 453 2249 diu
475 2185 602 2269 uagitns
624 2185 781 2249 inconditi
803 2185 983 2249 locuturam
1006 2185 1065 2248 dif-

96 2270 205 2331 ferunt
225 2289 352 2353 uocem3
376 2269 430 2333 diu
451 2270 560 2354 fruges
582 2269 706 2352 hiemps
730 2269 873 2352 cohibet,
899 2290 956 2333 uer
978 2269 1067 2335 eheit

58 2372 84 2414 25
97 2355 206 2435 tepore
212 2402 221 2434 ,
255 2356 360 2417 aestas
391 2355 507 2417 solidat
542 2354 649 2418 calore
679 2352 859 2440 [maturat]:
902 2356 939 2416 tu
971 2353 1070 2418 nobis

97 2435 197 2498 uitam
224 2437 344 2518 pariter
372 2440 472 2501 totam
501 2438 631 2522 dedisti,
664 2442 700 2502 tu
725 2438 848 2502 fructus
876 2438 1066 2502 meritorum

96 2523 223 2583 tuorum
245 2521 354 2583 stetim
376 2543 436 2585 nos
455 2526 574 2586 metere
598 2526 631 2586 et
652 2522 840 2587 inconditis
862 2522 981 2586 referre
1003 2523 1067 2586 ius·

97 2603 178 2670 sisti.
206 2604 402 2669 releuaturus
426 2627 555 2669 censum
578 2606 717 2670 definisti
740 2629 919 2690 numerum,
942 2606 1068 2690 reliqua

99 2686 231 2772 [debita]
253 2689 441 2753 remissurus
465 2693 619 2773 quantum
642 2689 827 2755 deberemus
848 2692 1066 2776 interrogasti.

57 2793 84 2834 ao
96 2794 178 2855 quae
193 2773 402 2859 iuterrogatio
424 2774 595 2838 manifesta
608 2776 778 2857 promissio
793 2776 864 2840 fuit.
892 2798 970 2840 nam
994 2798 1069 2841 cum

96 2859 123 2920 is
139 2857 194 2942 qui
213 2860 321 2923 omnia
336 2862 443 2942 potest
457 2858 532 2942 quid
548 2858 610 2923 sibi
625 2859 776 2924 debeatur
790 2861 980 2945 interrogat,
1000 2882 1067 2924 non

164 3030 181 3076 4
199 3029 304 3078 indices
322 3032 344 3077 Δ
356 3027 366 3093 ΙΙ
381 3031 412 3079 10
429 3029 553 3080 declaras
565 3032 589 3079 A
604 3029 609 3097 l
624 3033 729 3095 ingenii
746 3031 835 3097 All11
855 3033 903 3083 ubi
920 3047 994 3098 pros.
1006 3034 1041 3080 W
1061 3030 1065 3097 Ι

96 3094 258 3146 festinanter
270 3094 280 3161 ΙΙ
294 3097 629 3163 14facitEyssendardtus:
640 3100 739 3149 feeit!
751 3097 761 3165 ΙΙ
775 3099 1066 3150 IdalicniusABVW:

97 3162 213 3212 alienius
226 3166 243 3211 0
255 3165 329 3214 Bert.
345 3162 350 3228 Ι
365 3163 514 3216 callidioris
526 3182 573 3216 om.
585 3167 659 3217 Bert.
676 3164 687 3233 ΙΙ
700 3168 733 3216 16
746 3167 994 3232 reprehenderetur
1006 3169 1066 3218 edd.

95 3226 104 3295 ll
123 3232 154 3281 18
173 3245 286 3294 sperare
304 3228 388 3296 01120
407 3233 510 3282 etenim
527 3235 666 3297 Jeeperus:
684 3235 733 3285 sed
752 3236 824 3284 enim
840 3237 867 3283 II
879 3232 889 3300 ΙΙ
902 3237 936 3285 24
953 3250 1001 3285 ner
1018 3235 1067 3284 eli-

96 3298 136 3346 cit
154 3303 248 3362 tepore
266 3304 360 3350 aestas
382 3302 477 3364 scripsi
493 3303 510 3351 l.
527 3304 544 3351 l.
564 3305 616 3352 221
622 3319 631 3351 .·
656 3317 724 3352 uere
746 3301 825 3353 licita
849 3308 926 3353 estas
944 3303 1011 3353 flore
1028 3304 1066 3362 1,

95 3367 145 3416 nisi
162 3368 231 3432 qaod
246 3382 293 3416 uer
345 3366 406 3417 licit
422 3370 440 3432 ξ
459 3373 534 3419 estas
553 3370 575 3416 V
595 3384 645 3419 ner
662 3368 739 3419 elicIt
757 3370 839 3420 flores
858 3376 934 3422 estas
953 3383 978 3418 w
1033 3371 1068 3420 25

95 3433 187 3485 calore
206 3439 328 3485 maturet
346 3437 495 3488 Acidaliae:
522 3436 598 3487 calor
618 3441 755 3487 ematurat
772 3440 812 3498 13
836 3442 958 3488 maturat
974 3439 1068 3488 seclari

94 3494 153 3563 4127
173 3504 202 3553 in
220 3502 315 3554 condis
333 3502 408 3555 Bere.
426 3501 435 3570 ΙΙ
457 3507 490 3557 ab
509 3504 605 3555 debita
623 3507 672 3555 del.
690 3506 874 3557 Ritterrlrasius
