2294 3780
112 157 174 221 184
305 157 377 207 VIII.
406 157 553 209 INOERTI
572 156 743 208 GRATIAR.
761 155 873 207 ACTIO

109 309 188 371 tiam
222 307 367 371 sensibus
396 307 459 369 tuis
493 309 544 388 ut,
583 305 848 388 quemadmodum
876 309 1080 389 praestantes

110 391 246 456 scientia
273 391 388 455 medici
418 410 485 454 101
514 394 726 473 aspernantur
757 391 891 454 uulnera
919 391 1080 474 inspicere

110 498 189 559 quae
210 479 334 558 sanant,
358 476 404 539 ita
425 496 511 538 nunc
532 479 568 539 tu
586 475 748 559 paulisper
768 475 877 539 audias
893 475 1080 539 Aeduorum

110 561 237 625 labores
259 581 339 643 quos
362 559 529 623 sustulisti.
574 581 678 643 neque
706 559 792 623 enirn
814 562 904 642 potes
933 561 1002 624 sine
1025 581 1079 623 ex-

84 646 288 729 sperimento
324 644 471 707 miseriae
510 645 550 708 ad
579 645 705 708 landem
743 644 931 707 clementiae
966 666 1079 727 perue-

109 730 190 793 nire.
233 728 357 792 iacebat
385 727 441 792 illa
466 729 579 793 ciuitas
606 732 762 793 nontam
785 729 949 792 moenium
976 729 1100 794 ruinis¹

110 835 205 896 quam
228 813 345 876 uirium
369 813 546 877 defectione
568 815 737 897 prostrata,
761 835 800 876 ex
823 834 885 895 quo
908 835 977 878 eam
1000 815 1077 877 noui

111 919 225 960 census
249 898 447 961 exanimaret
469 898 638 962 acerbitas.
669 919 729 961 nec
751 900 858 960 161161
881 899 965 962 iuste
988 899 1080 982 queri

108 984 246 1065 poterat,
270 1003 341 1045 eum
364 985 396 1046 et
418 1004 520 1068 agros,
544 983 598 1065 qui
617 983 762 1066 discripti
784 982 922 1064 fuerant,
945 982 1078 1046 habere-

72 1088 96 1126 10
110 1087 181 1129 mus
204 1069 235 1129 et
251 1067 413 1131 Gallicani
429 1088 542 1131 census
559 1067 720 1131 communi
735 1066 872 1130 formula
886 1069 1076 1146 teneremur,

110 1151 163 1234 qui
185 1150 324 1214 fortunis
352 1152 474 1215 nemini
496 1172 666 1234 possumus
693 1152 832 1234 aequari.
878 1172 940 1236 quo
963 1153 1078 1236 magis,

108 1236 299 1318 imperator,
330 1236 517 1301 elementiae
539 1240 614 1300 tuae
636 1236 758 1320 gratias
781 1237 923 1320 agimus,
953 1237 1007 1320 qui
1030 1259 1077 1300 16-

108 1320 221 1384 mediis
244 1323 358 1404 sponte
381 1321 543 1385 concessis
564 1321 670 1384 fecisti
691 1327 738 1405 ut,
761 1319 846 1402 quod
867 1340 935 1383 non
953 1324 1079 1404 potera-

108 1425 179 1468 mus
202 1406 271 1469 iure
293 1410 419 1489 petere,
442 1406 526 1469 iuste
548 1405 725 1470 obtinuisse
747 1405 921 1469 uideamur.

70 1505 95 1546 1⁶
172 1488 230 1553 VI,
264 1488 427 1554 Habemus
450 1490 545 1571 enim,
570 1494 606 1553 ut
628 1490 701 1573 dixi,
725 1494 757 1554 et
779 1489 944 1553 hominurn
966 1512 1078 1554 nurne-

107 1593 189 1656 11111,
212 1573 266 1656 qui
281 1573 379 1637 delati
394 1577 479 1657 sunt,
505 1577 536 1637 et
552 1595 701 1657 agrorum
722 1574 860 1655 modum,
884 1573 939 1637 sed
956 1576 1077 1638 utrum-

108 1678 170 1739 que
202 1677 341 1740 nequam
368 1657 534 1721 hominum
568 1658 708 1742 segnitia
734 1661 899 1741 terraeque
928 1658 1075 1741 perfidia.

107 1740 192 1804 unde
222 1741 307 1804 enim
334 1742 429 1806 nobis
451 1741 571 1807 Remus
601 1746 657 1806 aut
678 1741 816 1807 Neruius
845 1746 899 1806 aut
925 1743 995 1826 ipse
1021 1743 1079 1807 iIIe

108 1822 146 1887 de
175 1826 319 1907 proximo
347 1825 547 1890 Tricassinus
576 1848 653 1910 ager
681 1829 737 1891 aut
764 1826 898 1890 arator?
941 1848 1076 1910 quorum

70 1907 229 1970 soreditns
258 1930 330 1972 cum
352 1909 460 1974 labore
489 1911 697 1975 contendunt.
743 1933 934 1995 quamquam
959 1913 1077 1976 merito

108 1990 211 2075 quiuis
233 1993 381 2077 ignoscat
403 1995 481 2078 ipsis
506 1994 695 2079 cultoribus,
718 2017 796 2079 quos
818 1997 908 2081 piget
930 1996 1078 2061 laborare

92 2076 177 2140 ’6116
198 2076 317 2142 fructu.
353 2079 510 2162 siquidem
531 2102 608 2165 ager
630 2082 685 2164 qui
706 2102 881 2165 numquam
903 2081 1079 2163 respondet

106 2161 276 2243 impendiis
318 2185 356 2227 ex
393 2166 583 2229 necessitate
620 2165 790 2248 deseritur,
834 2166 928 2228 etiam
965 2165 1079 2249 inopia

90 2247 350 2330 rusticanorum,
373 2250 487 2333 quibus
508 2252 543 2313 in
559 2272 632 2314 aere
648 2251 753 2314 alieno
768 2249 995 2314 uacillantibus
1016 2271 1078 2314 nec

69 2346 206 2414 nequas
229 2333 382 2398 deducere
404 2355 465 2398 nec
488 2335 583 2399 siluas
605 2334 696 2399 licuit
718 2334 879 2398 excidere:
915 2334 962 2397 116
984 2334 1077 2417 quid·

107 2416 183 2498 quid
204 2417 280 2480 olim
303 2418 409 2482 fuerat
431 2418 608 2483 tolerabilis
631 2419 708 2500 soli,
740 2422 795 2482 aut
818 2421 1004 2501 corruptum
1026 2423 1078 2483 est

105 2499 277 2580 paludibus
300 2505 356 2564 aut
377 2503 521 2566 sentibus
543 2503 742 2586 impeditum.
788 2504 864 2585 quin
887 2502 984 2566 etiam
1005 2503 1077 2587 ipse

105 2581 160 2645 ille
188 2604 291 2666 pagus
320 2585 520 2670 Arebrignus
555 2588 643 2650 inani
672 2587 785 2650 feritur
813 2586 950 2665 inuidia,
985 2587 1076 2652 cuius

106 2664 217 2729 infimo
238 2668 309 2732 loeo
331 2669 446 2732 uitium
469 2669 593 2733 cultura
610 2671 782 2754 praecipua
805 2675 868 2735 est:
891 2692 967 2735 nam
989 2675 1077 2736 16110

175 2875 191 2923 5
208 2873 335 2924 miseriae
349 2875 451 2924 Liuia:
469 2875 671 2925 misericordiae
684 2878 712 2924 AI
728 2875 731 2939 1
747 2873 793 2941 ad]
812 2882 839 2925 et
851 2878 873 2923 A
886 2874 923 2940 116
942 2878 1076 2927 moenium

105 2943 192 2991 ruinis
201 2942 247 2990 Fr.
260 2942 379 2992 Modiam:
391 2942 503 2992 minium
517 2939 647 3007 (menium
658 2943 743 3007 Bere.)
756 2946 877 2994 romanis
890 2943 976 3006 (roms
987 2945 1074 3006 Bert.)

105 3008 133 3054 1
145 3006 155 3074 ΙΙ
168 3010 183 3058 8
196 3009 367 3058 examinaret
378 3009 401 3057 A
413 3006 424 3073 11
436 3012 451 3059 9
465 3008 599 3075 descripti
610 3013 646 3072 Ι,
659 3014 766 3062 correxi
777 3009 787 3076 ΙΙ
801 3014 831 3061 11
847 3010 904 3076 qui]
918 3012 1001 3062 malim
1013 3015 1076 3078 quis

106 3071 110 3138 Ι
131 3075 243 3139 aequari
276 3077 428 3140 comparari
439 3075 513 3127 Bere.
528 3075 533 3141 Ι
551 3081 584 3128 20
602 3079 724 3129 redditus
736 3082 764 3128 n
776 3077 785 3143 ΙΙ
798 3082 829 3128 21
850 3081 941 3143 quinis
959 3094 997 3128 w:
1015 3083 1075 3143 qui·

104 3145 150 3192 uis
167 3143 192 3191 si
203 3144 231 3190 Ι
265 3145 298 3192 22
316 3142 482 3207 respondent
493 3143 533 3208 Al
551 3147 584 3196 25
602 3146 668 3210 quid
686 3147 733 3211 qui
744 3149 766 3194 A
778 3145 788 3211 ΙΙ
802 3149 833 3196 27
852 3147 1074 3212 impedimentum

105 3222 190 3271 qnam
208 3210 293 3259 etiam
304 3211 327 3259 A
340 3208 349 3275 ΙΙ
362 3213 395 3260 118
413 3213 583 3278 AreprIgnus
594 3217 627 3262 W
646 3214 794 3280 arebignus
807 3217 824 3263 0
843 3231 890 3266 om.
903 3216 923 3264 B
939 3216 943 3279 Ι
960 3217 1039 3264 Inaui
1051 3218 1075 3265 A

106 3274 110 3340 1
135 3277 234 3326 feritur
251 3276 392 3328 0611611161
411 3279 543 3329 16111111
562 3279 566 3343 Ι
586 3297 669 3333 manu
687 3284 788 3332 seritur
805 3281 900 3332 inuida
917 3285 977 3333 edd.
998 3284 1075 3333 inani

103 3357 154 3395 661.
174 3344 311 3396 industria
331 3346 539 3412 Eyssenhardtus
565 3347 637 3414 1129
655 3349 747 3399 infimo
765 3349 825 3399 loeo
843 3352 952 3412 scripsi:
971 3351 1001 3399 in
1019 3367 1075 3401 uno

103 3408 166 3463 loco
184 3413 207 3461 A
224 3412 298 3466 Bere.
318 3415 347 3465 in
365 3415 426 3465 loco
443 3416 464 3465 B
482 3417 499 3465 0
517 3417 539 3463 11
556 3418 589 3465 W
607 3418 635 3466 in
653 3418 707 3468 imo
725 3417 786 3467 loeo
804 3418 938 3468 Liuineius
961 3415 965 3482 Ι
993 3434 1074 3482 prae·

72 3522 87 3552 ,
103 3479 185 3545 cipue
203 3483 310 3547 scripsi:
327 3483 520 3549 perspicua!
537 3485 690 3551 perexigua
708 3486 842 3536 Acidalius
