2294 3780
283 126 536 180 eousraurruo
556 126 726 180 neccaro
744 129 779 180 n.
797 129 872 180 e-a.
1002 127 1063 193 165

95 276 310 359 Calcdonam,
339 275 502 341 Pictorum
525 277 720 362 aliorumque
746 277 843 342 siluas
866 280 899 342 ct
920 277 1062 362 paludes,

95 361 150 426 aed
178 383 240 426 nec
261 361 452 426 Hiberniam
478 361 657 445 proximam
685 383 745 426 nec
767 361 891 445 Thylen
915 361 1063 427 ultimam

95 467 155 511 nec
177 446 264 530 ipsas
288 445 315 511 si
337 467 418 530 quae
440 449 517 510 sunt
537 445 787 511 Fortunatorum
808 447 929 512 insulas
951 447 982 510 di
1006 469 1063 511 na·

94 531 191 596 batur
223 531 402 614 acquirere,
437 530 508 615 sed,
545 531 630 615 quod
662 531 766 680 elogui
799 532 923 597 nemini
950 467 1063 614 uquit,

94 616 199 681 iturus
228 616 268 679 ad
292 615 366 679 deos
388 616 569 700 genitorem
595 615 687 680 illum
732 638 839 681 eorum
863 617 961 702 ignea
983 615 1088 681 caelia

96 703 184 765 astra
211 699 413 765 refouentem
446 701 611 797 prospexit
638 721 807 783 oceanum,
844 704 882 765 ut
907 701 1062 765 fruiturus

96 784 211 851 exinde
238 784 309 849 luce
336 787 492 869 perpetua
519 807 584 849 ram
611 784 745 850 uideret.
760 786 827 851 illic
855 785 939 851 diem
961 807 1064 869 paene

96 871 296 935 continuum.
332 890 408 933 uere
431 870 516 934 enim
537 869 683 953 profecto
703 870 752 934 illi
773 892 923 955 superum
944 870 1066 954 templa

94 956 271 1039 patuerunt
299 955 508 1052 receptusque
537 957 586 1019 est
613 975 765 1020 consessu
794 956 959 1039 caelitum,
987 955 1064 1020 Ioue

96 1041 167 1124 ipso
198 1038 362 1102 dexteram
383 1041 578 1124 porrigente.
623 1039 824 1124 quinimmo
852 1041 963 1104 statim
991 1062 1062 1104 sen·
1078 1057 1104 1097 10

95 1124 233 1188 tentiam
255 1125 389 1208 rogatus
412 1125 463 1187 cui
484 1123 653 1207 imperium
676 1123 874 1206 decemcmt,
904 1124 1001 1206 dixit,
1029 1127 1066 1187 ut

96 1207 241 1290 decebat,
264 1205 491 1272 Constantium
505 1207 616 1272 Pium:
638 1209 808 1273 manifeste
831 1209 917 1273 enim
939 1212 1065 1272 senten-

94 1294 143 1357 tia
171 1293 274 1377 patris
302 1290 495 1374 elenenses,
525 1292 708 1376 imperator.
752 1292 836 1377 quod
864 1291 991 1374 quidem
1019 1293 1066 1354 ita

94 1398 157 1442 nos
184 1377 288 1441 dicero
316 1397 388 1440 eum
413 1376 532 1441 ueritas
554 1376 659 1460 iubet,
686 1380 756 1440 tum
777 1377 891 1460 pietati
911 1380 1001 1459 tuae,
1030 1379 1067 1440 ut

94 1461 206 1545 uideo,
238 1460 455 1546 gratissimum
484 1465 541 1525 est.
587 1461 642 1525 sed
670 1482 726 1525 cur
752 1461 974 1525 tantummodo
1001 1460 1105 1544 pri-1⁵

94 1548 180 1611 uatis
202 1547 267 1609 tuis
295 1544 462 1610 affectibus
485 1545 701 1629 blandiamur,
731 1567 803 1610 eum
825 1545 970 1610 omnium
993 1545 1066 1609 deo·

95 1652 170 1695 rum
196 1629 296 1694 fuerit
325 1629 382 1694 illa
415 1630 594 1713 sententia,
627 1634 660 1695 et
687 1631 815 1715 quidem
845 1631 911 1695 iam
964 1629 1067 1694 ridem

95 1715 291 1780 auctoritate
305 1715 493 1799 perscripta,
516 1716 661 1799 quamure
675 1719 754 1780 tune
769 1715 865 1800 pleno
881 1715 924 1779 sit
1012 1717 1068 1778 ata

97 1798 258 1865 consilio?
303 1798 368 1863 iam
395 1803 475 1864 tunc
504 1799 589 1864 enim
620 1801 808 1865 caelestibus
836 1800 997 1886 suffragiis
1026 1797 1068 1863 ad

96 1885 235 1949 salutem
249 1883 296 1947 rei
312 1882 459 1967 publicae
473 1884 651 1968 uocabaris,
676 1906 747 1950 cum
764 1884 804 1950 ad
818 1887 945 1983 tempus
960 1885 1066 1969 ipsum
1079 1898 1105 1939 2⁰

96 1990 160 2052 quo
175 1970 269 2052 pater
288 1968 325 2032 in
341 1966 545 2032 Britanniam
559 1970 790 2034 transfretabat
805 1969 900 2034 elass1
915 1970 978 2034 iam
993 1969 1067 2033 uela

94 2052 234 2118 facienti
267 2053 457 2136 repentinus
483 2056 558 2117 tuus
592 2054 749 2118 aduentus
777 2054 897 2136 illuxit,
935 2057 972 2116 ut
999 2074 1067 2117 non

96 2137 250 2202 aduectus
273 2159 367 2202 cursu
381 2137 520 2221 publico,
543 2137 596 2202 sed
614 2137 724 2202 diuino
740 2138 878 2220 quodam
899 2136 1067 2200 aduolasse

98 2221 259 2287 curriculo
280 2221 444 2286 uidereris.

162 2304 253 2371 VIII.
290 2305 366 2370 Non
388 2306 474 2371 enim
496 2305 561 2370 ulla
581 2305 749 2370 Persarum
772 2303 980 2387 Cydonumue
1001 2302 1067 2368 tela
1079 2317 1105 2359 2⁵

95 2393 167 2456 tam
178 2391 273 2455 certis
285 2389 421 2455 iactibus
429 2390 590 2488 destinata
599 2390 739 2454 fixerunt
750 2410 847 2485 quam
853 2387 1067 2487 tempestiuus

95 2479 186 2624 tt
207 2477 400 2644 ittet
421 2474 580 2645 {litt
603 2473 1068 2656 {tmtttltleffttttt

96 2645 301 2730 praesentiae
323 2647 397 2709 tuae
420 2646 590 2709 securitate
612 2645 740 2708 laxastr.
775 2643 807 2708 dr
829 2644 921 2728 bom,
946 2645 1068 2727 quanta

168 2851 182 2898 1
201 2847 363 2901 Calidorum
380 2850 407 2897 Π
427 2848 432 2911 Ι
451 2848 620 2913 aliorumque
637 2848 776 2899 Pictorum
795 2847 950 2911 (Pictonum
967 2848 1010 2909 W)
1028 2847 1065 2910 Π,

98 2924 227 2981 tranepoa.
246 2917 465 2981 Eyssenhardtar.
485 2933 518 2966 an
535 2916 718 2981 altioremque
737 2916 826 2966 Pictl
843 2914 853 2980 ΙΙ
874 2918 889 2965 2
908 2913 1003 2978 thylen
1021 2915 1065 2964 W:

97 2983 188 3035 thilen
204 2986 227 3033 A
244 2985 321 3050 tylen
336 2985 356 3032 B
369 2984 391 3032 V
409 2982 477 3033 tilen
490 2986 507 3032 0
520 2982 560 3049 114
577 2985 679 3033 nemini
698 2986 715 3032 0
728 2997 765 3031 w:
785 2982 887 3033 nomini
898 2983 926 3030 Π
938 2981 977 3047 116
996 2981 1066 3033 frui-

97 3056 177 3104 turus
188 3051 281 3103 Baras
299 3053 407 3102 futurus
419 3052 446 3099 At
459 3049 469 3116 l
482 3054 497 3103 8
514 3050 558 3101 illi
575 3053 598 3100 A
610 3052 642 3100 W
654 3051 743 3102 Bere:
760 3049 837 3100 illum
851 3051 898 3099 Bc
909 3050 931 3098 V
944 3047 954 3115 ΙΙ
967 3053 982 3100 9
1002 3065 1066 3100 con·

97 3134 178 3171 aaran
195 3133 233 3170 w:
253 3135 384 3170 concessu
396 3119 423 3166 At
435 3117 446 3184 ΙΙ
461 3121 490 3168 11
509 3118 640 3168 cuiAW:
661 3134 721 3168 oum
738 3118 823 3167 BGV
859 3120 889 3167 12
908 3119 1066 3169 constantin

96 3188 131 3236 W
142 3184 154 3253 [l
167 3189 200 3239 13
218 3203 248 3238 es
266 3202 304 3237 w:
323 3193 367 3237 ost
384 3184 480 3252 101115
497 3190 603 3237 tantum
622 3200 677 3237 non
694 3201 735 3251 pr.
752 3187 823 3236 Bert.
866 3187 898 3236 17
916 3185 1001 3236 fuerit
1016 3184 1066 3235 illa

96 3271 146 3308 om.
156 3256 191 3304 W
203 3253 213 3321 l
227 3258 258 3308 18
272 3255 428 3321 perscripta
439 3256 463 3303 A
471 3255 515 3303 W:
535 3253 708 3319 praescripta
720 3253 794 3304 Bere.
804 3253 824 3302 B
833 3256 851 3303 0
861 3254 884 3301 V
900 3250 906 3317 l
917 3257 975 3304 tum
986 3251 1066 3317 pleno

96 3323 173 3375 Bert.
193 3320 204 3389 ΙΙ
223 3325 258 3374 28
276 3322 408 3374 aduectus
426 3323 449 3370 A
461 3322 507 3369 W:
523 3321 657 3373 aduentus
675 3321 877 3380 Bcvlcurru
894 3321 1029 3372 Acidaliae
1050 3317 1055 3445 Ι

96 3392 130 3442 25
147 3388 198 3440 illa
216 3388 310 3456 01126
328 3390 463 3442 finxerunt
480 3389 566 3439 BGV
581 3387 591 3456 ΙΙ
608 3391 641 3439 2⁷
659 3384 777 3454 affuisti]
796 3388 934 3439 aduenisti
952 3388 1028 3438 Bere.

96 3459 131 3509 28
149 3472 220 3524 quas
237 3459 255 3508 0
272 3471 310 3508 w:
329 3473 410 3525 quam
427 3459 454 3506 lt
474 3456 479 3523 Ι
499 3457 632 3508 uoluebat
650 3458 716 3506 tw:
735 3456 851 3507 uolebat
868 3457 896 3502 Π
939 3522 944 3528 .
1084 3494 1104 3532 ζ,
1118 3484 1139 3526 „3
