2294 3780
127 177 188 242 162
439 177 500 228 VlI.
532 176 681 228 INOERTI
698 177 779 229 PAN.

125 351 204 414 quae
238 329 292 393 alii
327 328 381 392 uix
413 327 513 391 totius
546 327 632 392 uitae
660 326 822 392 laboribus
856 327 1096 408 consequuntur

124 416 189 478 iam
211 413 295 477 domi
318 415 410 496 parta
432 411 602 496 suscipere.
635 411 778 495 quamuis
802 409 888 474 enim
910 430 1029 495 magna
1051 409 1096 474 sit

124 503 156 563 et
192 496 380 562 admiranda
414 496 552 560 felicitas
589 517 669 581 quae
706 494 874 579 stipendiis
910 495 945 558 in
980 494 1095 558 ordine

124 582 265 647 emeritis
293 585 325 644 et
352 580 487 644 militiae
515 580 669 666 gradibus
697 579 840 660 emensis¹
861 577 900 642 ad
926 578 1095 663 fastigium

98 667 210 731 eistud
237 665 414 729 maiestatis
444 665 588 730 ascendit
621 668 653 729 et
680 665 756 729 solis
783 663 912 728 uirtutis
940 663 1016 728 nixa
1041 685 1093 727 ra-

124 750 247 815 dicibus
279 750 319 814 ad
347 752 474 814 tantum
502 750 666 834 potentiae
699 750 795 813 robur
824 748 962 812 inualuit
993 747 1095 832 (quod

124 835 251 918 quidem
274 834 370 899 etiam
391 837 443 917 tu,
468 838 621 918 quantum
642 856 701 918 per
724 837 864 898 aetatem
885 831 991 912 licuit,
1018 851 1093 896 con·

125 922 250 983 secutus
273 939 305 982 es
328 921 374 1002 et,
401 919 547 1002 quamuis
568 923 601 982 te
624 941 719 1002 super
745 939 856 982 omnes
878 917 1094 1001 acquirendae

125 1003 246 1088 gloriae
268 1025 374 1068 moras
394 1005 492 1085 fauor
510 1002 657 1069 fortunae
678 1002 846 1087 posuisset,
871 1022 1011 1066 crescere
1033 1003 1093 1066 rni-

87 1109 111 1149 1o
124 1087 246 1152 litando
271 1088 402 1153 uoluisti
429 1092 461 1152 et
483 1087 637 1152 adeundis
658 1088 735 1152 belli
755 1086 907 1171 perieulis
935 1107 972 1150 ac
994 1107 1095 1151 manu

125 1195 198 1238 cum
219 1172 364 1237 hostibus
392 1172 489 1237 etiam
514 1172 670 1257 singulari
698 1172 873 1236 certamine
894 1170 1094 1235 conserenda

123 1261 281 1322 notiorem
297 1261 329 1322 te
347 1257 499 1342 gentibus
513 1256 690 1340 reddidisti,
714 1278 785 1321 cum
806 1277 872 1320 non
888 1276 998 1339 posses
1021 1276 1094 1320 esse

123 1342 286 1426 nobilior),
309 1363 472 1426 magnum,
496 1342 637 1426 inquam,
660 1344 716 1407 etsi
735 1345 784 1405 est
806 1340 845 1404 ab
863 1362 897 1404 se
912 1340 1093 1424 profectum

125 1427 164 1490 ad
191 1429 330 1491 maxima
355 1426 538 1510 peruenire:
576 1426 673 1511 longe
701 1429 810 1490 tamen
840 1425 928 1489 aliud
956 1426 1005 1488 est
1029 1425 1094 1488 niti

86 1529 111 1570 15
123 1531 180 1595 per
209 1509 306 1574 ardua
333 1513 366 1574 et
391 1511 468 1595 iuga
495 1511 655 1574 montium
681 1513 789 1657 {uetere
817 1530 832 1573 c
859 1509 970 1594 plano,
1005 1508 1094 1573 aliud

123 1595 195 1680 ipsa
229 1597 316 1658 ortus
350 1594 399 1658 sui
429 1594 624 1658 sublimitate
651 1594 686 1658 fu
698 1598 767 1658 tum
801 1593 954 1657 uerticem
980 1595 1094 1656 tenere

122 1680 271 1826 solimae
306 1682 338 1742 et
369 1701 449 1762 quae
483 1700 607 1742 summa
641 1683 718 1743 sunt
752 1700 820 1742 non
854 1698 997 1762 sperare,
1035 1677 1094 1742 sed

124 1766 251 1827 haere.
984 1781 986 1785 ·

187 1847 244 1911 IV.
294 1846 427 1911 Sacrum
449 1846 532 1911 istud
555 1847 710 1930 palatium
732 1869 799 1911 non
823 1845 1011 1911 candidatus
1033 1844 1093 1910 im·

87 1948 112 1988 eo
125 1931 219 2013 perii,
253 1930 310 1994 sed
337 1931 523 2016 designatus
550 1932 695 2015 intrasti,
725 1932 958 2015 confestimque
984 1933 1016 1994 te
1043 1930 1094 1995 illi

125 2014 252 2098 paterni
274 2014 357 2080 lares
380 2038 594 2081 successorem
623 2016 941 2100 uidere‘legitimum.
986 2036 1094 2099 neque

125 2099 210 2162 enim
229 2103 298 2164 erat
312 2100 445 2165 dubium
465 2102 544 2186 quin
565 2102 594 2165 ei
615 2103 808 2185 competeret
821 2100 981 2164 hereditas
996 2120 1094 2184 quem

123 2184 262 2267 primum
284 2185 469 2268 imperatori
490 2185 592 2249 fflium
618 2186 684 2249 fata
705 2185 904 2250 tribuissent.
948 2187 981 2248 te
1003 2184 1092 2249 enim

122 2270 233 2333 tantus
261 2269 317 2334 ille
345 2274 378 2334 et
404 2269 579 2354 imperator
605 2270 640 2332 in
667 2269 760 2334 terris
789 2271 878 2334 etin
900 2269 989 2333 caelo
1012 2268 1092 2333 deus

86 2352 157 2417 nin
184 2354 289 2437 primo
322 2355 436 2419 aetatis
469 2376 546 2418 suae
578 2354 655 2419 flore
684 2354 853 2439 generauit
885 2353 988 2419 adhuc
1021 2356 1093 2418 toto

123 2458 255 2583 {crpore
284 2439 412 2584 uiglenfi,
441 2439 498 2584 illle
516 2437 682 2535 praeditus
698 2439 876 2535 'alacritate
902 2437 1092 2587 ae'foiditu·

123 2541 314 2700 effudi?
326 2543 579 2701 nostrl}
598 2543 832 2671 tttttlttt
854 2543 1092 2672 tmtftsslt

124 2688 296 2753 srmrhtudo
319 2693 471 2753 transmit
494 2692 530 2753 ut
551 2690 698 2774 signante
721 2694 837 2755 natura
860 2690 1002 2756 uultibus
1025 2692 1092 2756 tuis

191 2897 207 2945 3
224 2892 264 2960 in]
283 2896 347 2958 fort.
366 2910 415 2946 suo
439 2892 444 2959 Ι
469 2894 561 2945 ordine
580 2894 703 2946 emeritis
721 2899 869 2946 Acidaliae:
891 2897 1014 2946 ordinem
1032 2912 1091 2945 me-

123 2963 185 3013 ritis
202 2962 230 3008 1
259 2960 269 3027 11
298 2964 408 3013 litante
425 2966 481 3026 pot.
499 2963 532 3010 W
560 2960 569 3027 l
599 2962 716 3028 8supre
735 2965 793 3014 edd.
817 2961 828 3028 11
852 2966 867 3013 9
887 2964 967 3013 fauor
984 2964 1092 3014 addidi:

124 3045 170 3083 om.
189 3030 216 3077 n
237 3029 241 3086 Ι
265 3028 376 3080 fortuna
394 3032 452 3081 edd.
475 3028 480 3095 Ι
503 3031 642 3095 posuisset
659 3032 734 3082 edd.-
752 3031 889 3097 potuisset
906 3033 934 3079 Η
950 3030 1092 3094 potuisses

123 3110 147 3144 w
168 3099 172 3160 Ι
192 3096 300 3147 credere
317 3097 350 3145 W
367 3093 377 3162 ΙΙ
399 3092 430 3147 11
448 3096 542 3163 etiem]
562 3103 591 3148 et
606 3098 638 3147 W
660 3095 670 3162 ll
693 3101 724 3149 13
742 3093 864 3164 inquam]
885 3097 995 3162 quidem
1012 3096 1089 3148 Bert.

124 3162 128 3227 Ι
154 3163 208 3213 etsi
225 3165 327 3214 addidi:
345 3180 392 3215 om.
409 3167 437 3213 Η
461 3164 471 3231 ΙΙ
501 3168 533 3216 15
550 3170 641 3230 petere
662 3182 675 3216 e
695 3167 840 3216 Liuineius:
859 3167 998 3231 poterell
1022 3161 1032 3230 ΙΙ
1056 3168 1091 3215 24

122 3235 219 3281 tantus
238 3246 298 3296 eoo:
321 3235 430 3282 tantum
447 3234 474 3281 li
495 3232 562 3295 (tam
579 3233 610 3296 B)
640 3232 650 3299 ΙΙ
679 3234 712 3284 25
731 3233 819 3283 adhuc
837 3238 895 3285 tcto
914 3233 1006 3285 Bere:
1030 3237 1090 3284 toto

122 3297 213 3348 adhuc
230 3298 328 3349 tctoA
351 3304 414 3350 toto·
427 3301 516 3351 adhue
534 3302 618 3351 ΒΗ
630 3301 662 3350 W
686 3300 695 3366 ΙΙ
719 3304 751 3350 27
771 3299 864 3368 quam]
886 3314 1053 3366 quamquam
1071 3302 1092 3349 0

126 3364 129 3430 l
148 3367 349 3432 praecipueque
367 3370 475 3433 scripsi:
493 3370 640 3434 praecipue
658 3370 685 3417 n
700 3370 704 3429 l
720 3369 814 3419 uidere
825 3369 956 3420 Uindonii
976 3370 1089 3420 Aratae-

124 3436 193 3484 nics:
212 3433 304 3484 uidere
324 3435 424 3486 sidonii
438 3436 471 3483 W
489 3436 593 3487 uideris
611 3436 704 3486 idonei
720 3436 832 3488 ABert.
851 3437 960 3488 uidonis
979 3435 1091 3498 (uinde-

123 3501 166 3552 nis
183 3503 203 3550 B
222 3501 348 3553 sindonis
367 3502 395 3568 ⁰)
413 3503 542 3555 idoneiB
563 3506 579 3554 0
597 3504 619 3550 V
639 3502 649 3569 ΙΙ
670 3506 702 3554 28
721 3504 806 3556 ferme
822 3505 855 3553 W
