2294 3780
239 171 518 225 conemurruo
536 173 708 227 susus'ro
727 176 759 225 n.
780 179 855 225 1-9.
983 177 1043 241 193

70 322 233 385 restituta.
261 342 365 470 neque
385 322 471 385 enim
491 322 607 406 ignoro
626 327 747 407 quanto
762 324 915 388 inferiora
931 328 1044 390 nostra

330 407 464 471 omanis.
489 407 645 490 siquidem
660 407 759 471 latine
778 412 810 471 et
825 409 941 473 diserte
955 410 1043 493 loqui

73 407 142 470 sint
155 405 288 490 ingenia

72 490 139 555 illis
161 491 385 574 ingeneratum
408 493 472 570 est,
496 491 590 556 nobis
613 492 823 576 elaboratum,
847 497 894 576 et,
918 494 945 557 si
968 494 1044 577 quid

72 576 160 639 forte
188 576 353 639 commode
382 575 529 656 dicimus,
558 597 597 639 ex
618 576 674 640 illo
696 577 787 641 fonte
815 581 848 641 et
870 578 975 661 capite
997 578 1043 641 fa-

73 659 212 724 cundiae
238 660 376 724 imitatio
403 664 514 724 nostra
541 660 673 725 deriuat.
720 662 774 725 sed
797 664 942 745 quamuis
970 683 1070 727 con-s

73 746 158 809 scius
185 743 264 807 mihi
290 744 488 809 infirmitatis
515 745 681 830 ingenitae
709 749 741 809 et
769 746 912 811 inchoati
937 748 1043 831 potius

74 828 174 892 studii
197 850 292 912 quam
309 829 424 893 eruditi
448 828 596 893 cohibere
610 851 661 892 me
677 830 805 894 silentio
821 852 957 914 nequeo,
981 853 1043 915 quo

72 914 182 977 minus
210 913 249 976 de
271 916 457 997 recuperata
483 914 561 977 urbe
588 914 784 998 imperioque
807 914 952 979 Romano
974 919 1044 980 tau·

74 997 148 1061 dem
171 1018 211 1061 ex
228 997 382 1063 diuturna
405 998 613 1062 conuulsione
636 997 771 1062 solidato
793 1002 826 1062 et
840 1001 909 1083 ipse
925 1000 1044 1084 aliquid

74 1102 175 1146 coner
198 1081 297 1165 effari,
319 1090 356 1146 ut
377 1082 462 1145 inter
482 1085 589 1146 tantos
612 1083 737 1146 sonitus
760 1084 950 1148 disertorum
972 1107 1043 1149 mea
1058 1106 1082 1145 ro

74 1186 201 1251 quoque
227 1187 289 1229 uox
311 1168 418 1231 tenuis
445 1167 594 1232 exaudita
619 1167 773 1231 uideatur.
819 1169 937 1232 etenim
960 1170 1044 1232 siin

73 1251 170 1315 rebus
192 1250 316 1315 bellicis
344 1251 484 1335 ipsisque
506 1252 636 1335 proeliis
663 1273 729 1315 non
757 1252 861 1315 solum
883 1254 979 1316 tubae
1007 1274 1045 1316 ac

73 1335 158 1418 litui,
183 1335 236 1399 sed
261 1336 357 1399 etiam
373 1335 550 1418 Spartanae
572 1336 671 1399 tibiae
694 1336 892 1399 incentiuum
916 1336 1045 1419 aliquod

73 1418 223 1483 feruntur
236 1419 386 1484 habuisse
410 1419 526 1502 (eredo,
550 1421 624 1502 quia
646 1441 783 1504 magnos
805 1420 928 1483 animos
945 1441 1044 1504 paruo

74 1503 154 1568 licet
175 1504 302 1568 modulo
325 1504 445 1568 sufficit
462 1505 623 1590 incitari):
646 1526 701 1567 cur
723 1525 783 1589 ego
805 1504 844 1567 de
858 1507 914 1568 tuo
936 1506 969 1568 in
992 1525 1044 1568 me
1058 1523 1083 1563 15

73 1587 187 1652 fauore
216 1588 374 1673 diffidam,
405 1592 442 1652 ut
470 1610 648 1652 sermonem
674 1610 779 1653 meum
808 1589 912 1652 studio
937 1590 1045 1673 potius

73 1674 125 1736 tui
147 1674 249 1737 cultus
272 1695 367 1756 quam
390 1673 455 1737 suis
477 1673 599 1737 uiribus
621 1674 788 1737 metiaris?
820 1674 964 1756 experiar
986 1673 1045 1758 igi-

74 1761 143 1840 tur,
164 1761 201 1821 ut
222 1779 365 1841 possum,
394 1779 587 1841 quamquam
610 1759 749 1841 oppletis
772 1758 900 1821 auribus
922 1759 986 1822 tuis
1008 1761 1046 1822 ut

76 1841 124 1906 sio
146 1842 280 1907 dixerim
307 1844 523 1925 insusurrare,
554 1843 624 1906 sine
651 1843 832 1907 aemulandi
855 1842 970 1907 fiducia
993 1865 1045 1906 cu-

75 1928 170 2010 pidus
192 1926 348 1991 imitandi.
1058 1947 1084 1986 ro

140 2011 181 2075 ll.
210 2013 259 2076 Ac
281 2013 420 2095 primuni
442 2009 520 2073 illud
544 2012 696 2094 arripiam
719 2012 802 2095 quod
826 2011 918 2073 credo
942 2010 1045 2073 adhuc

75 2096 238 2159 neminem
261 2115 372 2158 ausum
394 2095 504 2177 fuisse,
528 2098 564 2158 ut
587 2099 661 2158 ante
684 2096 723 2158 de
746 2094 929 2158 constantia
952 2114 1045 2175 expe-

75 2179 209 2243 ditionis
230 2183 305 2243 tuae
327 2179 431 2243 dicam
453 2201 549 2263 quam
571 2179 609 2241 de
630 2179 723 2241 laude
745 2178 910 2241 uictoriae.
940 2180 1046 2240 trans·

75 2268 151 2327 acto
179 2263 265 2328 enim
293 2266 384 2327 motu
412 2263 537 2327 aduersi
560 2263 699 2326 hominis
728 2265 761 2323 et
790 2261 965 2324 offensione
992 2282 1046 2323 ua-

75 2348 166 2412 canti
188 2352 262 2413 utar
278 2348 428 2412 libertate
451 2368 526 2494 erqo
540 2351 573 2411 te
588 2347 691 2409 nostri
708 2346 836 2427 amoris,
859 2365 953 2427 quem
968 2347 1046 2407 tunc
1059 2364 1084 2404 es

75 2433 161 2496 inter
182 2438 285 2497 metus
308 2436 341 2497 et
362 2434 410 2497 rei
431 2433 497 2516 pub
510 2433 579 2496 icae
601 2433 677 2495 uota
700 2430 932 2514 suspendimus.
960 2434 1045 2509 tene,

75 2517 120 2580 im
145 2521 266 2600 erator,
301 2520 429 2581 tantum
463 2517 570 2581 animo
603 2515 744 2600 potuisse
776 2536 977 2599 praesumere
1011 2517 1047 2577 ut

76 2540 197 2666 bellum
219 2602 318 2666 tantis
340 2602 464 2685 opibus,
485 2604 577 2666 tanto
593 2622 750 2665 consensu
766 2599 929 2677 auaritiae,
953 2599 1046 2661 tanta

76 2685 231 2751 scelerum
255 2687 459 2770 contagione,
483 2689 575 2750 tanta
597 2685 711 2750 ueniae
727 2685 949 2769 desperatione
973 2703 1047 2745 con·

75 2770 189 2836 flatum
203 2771 440 2854 quiescentibus
462 2770 748 2852 cunctantibusque
763 2773 841 2833 tunc
856 2766 982 2850 imperii
997 2765 1045 2828 tui
1059 2784 1085 2823 eo

76 2856 172 2919 sociis
194 2855 316 2939 primus
338 2854 529 2919 inuaderes?
556 2855 702 2938 quisnam
723 2855 755 2916 te
777 2853 863 2934 deus,
887 2852 1046 2934 quaetam

76 2980 127 2987 ——u-
131 2979 281 2987 --.——

146 3029 160 3076 1
183 3031 279 3077 nostra
296 3028 352 3077 sint
369 3030 425 3091 ing.
443 3028 466 3076 Δ
484 3027 517 3074 W
531 3026 623 3079 Beer„-
649 3026 705 3074 sint
721 3025 779 3088 ing.
797 3027 891 3072 nostra
909 3023 929 3070 B
948 3023 965 3069 0
983 3022 1005 3068 V
1033 3018 1036 3035 ¹

77 3098 93 3145 3
111 3094 192 3144 nobis
210 3096 227 3142 0
246 3108 284 3144 w:
303 3109 400 3145 nomen
418 3095 462 3143 bis
479 3095 515 3144 Μ.
534 3110 567 3143 (ιη
585 3093 742 3142 nobismet?
754 3089 793 3155 ΙΙ4
811 3090 941 3140 facundie
961 3103 999 3137 w:
1019 3096 1048 3138 et

76 3162 210 3212 facundie
228 3163 255 3209 Μ
273 3162 313 3225 (et
332 3161 463 3211 facundia
475 3159 503 3225 (l)
516 3158 555 3224 ss8
573 3159 683 3210 tandem
696 3159 920 3223 Eyssenhardtus:
940 3163 969 3207 et
987 3162 1047 3205 tan-

76 3229 177 3279 dem!
189 3227 199 3294 ΙΙ
213 3231 245 3280 13
262 3230 426 3279 intentiuum
443 3229 529 3277 BOV
544 3226 549 3293 Ι
564 3226 668 3292 aliquid
682 3227 705 3275 Δ
718 3224 727 3291 ΙΙ
741 3229 773 3276 15
791 3227 820 3275 in
838 3241 881 3275 me
900 3226 932 3274 de
950 3231 997 3274 tuo
1011 3225 1047 3285 Μ,

76 3294 250 3362 transposuit!
262 3299 294 3346 22
312 3297 445 3346 neminem
463 3294 552 3345 adhuc
569 3292 654 3360 Gss24
671 3300 745 3344 motu
764 3309 825 3358 epo:
845 3299 921 3343 mut-u
939 3294 961 3339 Δ
980 3295 1049 3341 nutu

76 3363 97 3412 B
115 3366 133 3413 0
152 3365 174 3411 V
192 3371 268 3413 metu
285 3378 311 3413 w
333 3363 338 3428 Ι
362 3363 515 3415 offensione
533 3363 647 3413 uocanti
666 3378 726 3427 epo.-
745 3361 863 3412 offensio
882 3360 1004 3409 reuocati
1022 3360 1048 3406 H

77 3430 230 3483 offensione
247 3434 375 3483 reuocati
391 3446 416 3479 w
428 3428 438 3495 ΙΙ
454 3434 488 3481 25
506 3446 579 3482 nunc
597 3431 630 3478 W
642 3428 652 3494 ΙΙ
668 3431 701 3479 a?
719 3445 755 3478 an
773 3435 880 3479 trintum
899 3426 973 3476 Bert.
989 3423 998 3488 ΙΙ
1016 3427 1049 3474 ’29

76 3498 144 3552 scel.
163 3502 235 3551 cont.
253 3505 334 3551 tantu
351 3516 396 3551 om.
416 3501 433 3548 0

122 3590 212 3632 Parra.
224 3600 280 3634 nar.
860 3581 897 3627 lb
