2294 3780
105 167 167 231 262
444 166 494 216 xr.
523 163 733 217 accusamur

104 319 213 383 nouali
247 319 368 382 aestate
401 337 464 379 una
499 315 635 398 amplius
663 335 757 398 quam
790 312 889 377 semel
916 310 1074 376 messuit?

10 434 13 441 ·
105 424 183 467 num
206 404 257 467 cui
279 423 344 466 uno
367 404 520 465 autumno
544 420 672 484 unoque
694 399 803 462 uincto
831 396 1076 460 uindemio-tri·

104 488 179 572 pler
194 487 308 552 fluxit?
330 507 395 549 una
417 488 503 548 certe
525 485 619 547 unius
642 482 756 546 hiemis
781 485 830 546 est
851 481 990 545 oliuitas.
1020 480 1077 544 sed

105 576 141 636 in
169 573 271 635 nostri
297 570 451 654 principis
480 568 642 632 beneficiis
673 567 827 632 miraculo
856 569 943 630 caret
969 565 1077 629 multi-

81 656 226 741 splicata
248 654 439 718 fecunditas.
485 656 522 717 ut
544 652 582 716 de
605 652 675 716 aliis
699 651 827 735 optimis
848 650 927 714 utris
949 653 1078 715 taceam

107 740 162 824 qui
184 763 202 803 a
224 740 331 823 priore
352 738 387 802 in
408 738 590 821 proximum
620 739 808 800 autumnum
830 735 954 799 fructus
976 733 1077 798 hono

106 847 178 888 rum
200 823 392 906 multiplices
414 825 631 886 messuerunt:
654 820 733 885 mihi
757 823 841 884 certe
862 819 959 884 tertia
981 818 1078 883 unius

107 909 186 972 anni
214 908 342 971 ubertas
372 910 421 970 est
451 905 642 972 consulatus.
687 907 826 990 primum
853 903 1078 968 thesaurorum

108 992 250 1056 omnium
279 992 428 1056 mandata
456 991 601 1056 custodia
629 993 662 1054 et
684 989 880 1074 dispensatio
906 988 1077 1073 largiendi.

70 1099 95 1138 ro
109 1077 283 1141 secundum
309 1077 414 1140 Iocum
436 1079 527 1140 tenet
554 1076 590 1139 iu
611 1073 768 1138 honorum
796 1095 940 1138 meorum
967 1072 1079 1137 fructi-

108 1163 167 1226 bus
190 1161 400 1246 praefectura.
428 1160 552 1224 additus
570 1158 631 1243 his,
656 1181 719 1243 quo
741 1158 794 1223 ueI
816 1157 883 1223 solo
907 1157 1080 1222 cuiuslibet

109 1247 245 1311 auiditas
281 1246 479 1328 uinceretur,
524 1247 737 1329 prouentuum
773 1263 916 1308 meorum
952 1242 1078 1321 tertius,

109 1332 299 1399 consulatus.
345 1331 420 1393 dein
447 1351 520 1394 oum
548 1350 626 1413 ager
649 1328 837 1392 assiduitate
858 1327 1022 1391 fructuum
1044 1327 1080 1390 in

108 1417 245 1481 maciem
267 1416 474 1500 decoquatur,
504 1414 705 1497 imperatoris
734 1413 836 1476 nostri
858 1411 1018 1495 posterior
1043 1411 1079 1473 Ii-

72 1520 96 1561 15
108 1501 260 1564 beralitas
283 1501 385 1564 uincit
405 1501 546 1583 priorem
567 1520 627 1562 nec
649 1499 685 1561 fit
708 1497 803 1561 effeta
823 1495 1000 1582 gignendo,
1024 1495 1081 1560 sed

132 1607 166 1649 er
193 1586 281 1649 uices
313 1585 473 1648 fructuum
502 1582 701 1646 fecundatur.
749 1603 833 1646 noua
860 1601 991 1664 prorsus
1018 1579 1082 1643 fuit

108 1608 268 1733 bonorum
284 1668 528 1733 deferendorum
551 1670 583 1731 et
604 1667 770 1751 insperata
792 1665 969 1750 congestio.
1000 1685 1081 1728 non-

110 1753 185 1817 dum
218 1756 336 1816 statum
369 1775 461 1816 suum
496 1751 635 1815 siderum
670 1751 825 1816 curricula
858 1752 1080 1814 mutauerant:

109 1838 174 1900 iam
189 1838 339 1918 princeps
362 1858 488 1900 cursum
504 1835 534 1899 di
560 1836 674 1899 nitatis
694 1837 824 1899 alterius
841 1833 1079 1916 commonebat3

72 1939 97 1981 ao
111 1920 276 1984 etiamtum
300 1920 348 1983 sol
372 1920 411 1982 ab
435 1858 608 1984 eorundem
638 1923 796 1984 astrorum
824 1918 956 2004 regione
977 1917 1080 1981 radia·

111 2005 184 2068 bat:
228 2005 292 2068 iam
324 2006 489 2090 Augustus
522 2005 618 2068 tertia
651 2006 857 2088 magistratus
889 2003 953 2067 mei
987 2003 1081 2087 sigua

29 2165 31 2169 Ι
110 2089 362 2153 transcenderat.
401 2110 532 2174 quaeso,
554 2110 619 2153 non
643 2089 734 2152 uobis
755 2089 861 2153 iuanis
883 2088 1007 2173 gloriae
1030 2108 1081 2151 cu·

110 2173 305 2261 pidissimus,
328 2196 396 2238 non
411 2175 550 2259 flagrans
566 2173 743 2237 ambitione
758 2172 895 2237 notabili
909 2172 1080 2254 uideretur,

112 2259 138 2321 si
167 2259 237 2341 quis
265 2259 299 2323 in
328 2281 360 2322 se
383 2262 475 2324 tanta
501 2258 622 2342 pariter
650 2261 794 2340 optasset
821 2260 941 2341 quanta
968 2257 1007 2320 in·
1030 2276 1080 2319 me

72 2361 175 2406 cauno
198 2346 342 2427 tempore
366 2344 533 2428 Augustus
555 2341 714 2428 ingessit?
789 2397 791 2400 ,

176 2427 295 2490 XXIII.
332 2427 481 2493 Habitari
504 2427 544 2490 ab
567 2427 659 2491 iustis
681 2426 759 2490 uiris
781 2426 816 2488 in
839 2446 958 2489 oceano
980 2428 1080 2488 terras

111 2511 221 2575 ferunt
244 2533 322 2595 quas
345 2513 591 2575 Fortunatorum
613 2510 734 2574 insulas
757 2512 888 2589 uocant,
918 2508 1003 2592 quod
1026 2529 1082 2592 per

113 2616 165 2658 eas
188 2616 253 2658 non
276 2598 365 2658 arato
389 2597 457 2658 solo
479 2595 642 2658 frumenta
665 2596 849 2676 nascuntur,
872 2593 1015 2657 fortuitis
1036 2591 1082 2656 ui·

112 2678 198 2741 tibus
226 2679 302 2762 iuga
331 2678 458 2742 collium
486 2680 682 2758 uestiuntur‚
713 2681 828 2762 sponte
856 2677 958 2762 pomis
987 2675 1082 2742 arbor

74 2783 100 2822 eo
112 2765 274 2847 grauatur,
299 2761 338 2826 ad
362 2763 532 2827 herbarum
554 2763 655 2828 uicem
680 2763 749 2827 olus
771 2763 870 2848 uulgo
893 2765 952 2825 est.
983 2782 1083 2845 quan-

112 2847 180 2911 tula
207 2847 270 2912 ista
298 2851 388 2931 sunt,
422 2848 449 2912 si
478 2847 570 2912 deum
598 2850 760 2912 auctorem
789 2846 985 2926 consideres,
1015 2866 1083 2909 mu-

113 2931 212 2995 nera?
236 2953 352 3015 nempe
374 2933 467 2997 nobis
489 2954 625 3015 quoque,
648 2953 720 2996 cum
742 2953 854 3017 agrum
876 2951 942 2995 non
962 2930 1083 2994 nostris

91 3158 94 3163 ’
182 3155 197 3200 6
215 3152 349 3202 honorum
367 3154 459 3217 Cusp:
479 3168 611 3204 annorum
628 3156 657 3201 Π
677 3151 687 3218 ΙΙ
709 3157 723 3204 ἵ
743 3153 936 3218 multipliciter
953 3153 970 3201 0
985 3149 991 3214 Ι
1007 3155 1084 3202 certa

113 3221 134 3268 B
152 3223 168 3268 0
187 3222 210 3267 V
233 3218 242 3285 ΙΙ
267 3223 282 3270 9
301 3220 474 3284 despensatio
492 3224 515 3271 A
538 3219 548 3286 11
574 3223 604 3271 12
622 3236 744 3271 meorum
762 3222 909 3272 Acidalias:
933 3224 1042 3270 tuorum
1059 3220 1086 3266 Η

112 3285 122 3353 Η
142 3289 173 3337 15
192 3287 292 3338 effecta
310 3289 333 3336 Δ
349 3289 370 3336 B
389 3289 410 3335 V
433 3286 443 3354 ΙΙ
467 3292 499 3339 20
519 3294 547 3339 et
564 3290 619 3338 iam
637 3293 695 3338 tum
711 3290 751 3351 H,
771 3303 840 3339 corr.
859 3289 993 3338 Liuineius
1006 3289 1012 3351 Ι
1025 3294 1086 3353 port

114 3355 243 3406 radiabat
261 3355 335 3406 Bert.
354 3360 382 3406 et
399 3358 459 3406 cdd.
477 3355 486 3421 11
508 3359 540 3407 22
559 3372 615 3406 non
632 3359 705 3407 edd:
724 3372 788 3406 num
807 3358 834 3404 Ι
850 3354 927 3407 Berl.
947 3352 958 3419 11
979 3357 1013 3406 23
1031 3369 1087 3406 uon

114 3425 186 3473 edd:
215 3439 278 3473 num
296 3424 322 3470 Μ
341 3423 415 3474 Bert.
445 3421 455 3488 ΙΙ
484 3425 516 3473 26
535 3423 673 3474 habItaria
693 3424 727 3474 ab
744 3426 767 3472 Δ
792 3424 797 3487 I
825 3427 913 3473 terras
931 3424 960 3472 in
980 3437 1085 3473 oceano

113 3492 133 3538 B
152 3494 169 3538 c
188 3492 209 3537 V
228 3491 259 3539 W
280 3490 290 3556 ΙΙ
315 3493 346 3542 28
365 3491 473 3542 uicibus
490 3492 524 3538 W
