2294 3780
289 146 544 201 cousraurmo
562 148 736 203 arrcusro
754 150 787 200 n.
805 152 881 203 a-s.
1005 150 1069 215 219

99 298 149 361 tia
170 297 233 361 sibi
253 296 397 361 uindicat
418 301 455 360 ut
476 297 541 361 iam
563 298 704 381 coeperit
724 318 792 361 non
813 298 943 363 uirtutis
965 302 1069 386 magis

101 402 200 465 quam
227 381 424 465 integritatis
458 402 526 445 esse
559 382 701 446 uictoria.
745 385 870 465 spectat
897 384 982 447 enirn
1008 406 1069 449 nos

100 487 143 530 ex
169 465 237 530 alto
265 487 372 530 rerum
404 465 524 529 arbiter
552 467 629 529 deus
656 470 704 549 et,
740 468 883 549 quamuis
910 467 1069 533 humanae

99 555 229 615 mentes
250 549 424 634 profundos
446 553 563 634 gerant
585 551 817 634 cogitationum
838 572 995 634 recessus,
1021 553 1069 615 in·

100 635 213 699 sinuat
238 638 349 698 tamen
383 655 452 697 sese
480 638 564 698 totas
598 637 777 698 scrutatum
806 635 973 717 diuinitas,
1008 653 1096 700 neca

100 719 173 783 ficri
198 722 305 803 potest
331 721 382 796 ut,
412 739 484 781 cum
512 718 660 865 spiritum
688 740 781 802 quem
809 719 968 803 ducimm,
998 742 1071 785 cum

102 806 155 867 tot
179 803 348 867 commoda
376 803 490 884 quibus
549 803 633 865 imur
660 803 804 866 diuinum
832 805 925 868 nobis
951 826 1070 869 numen

101 886 284 970 impertiat,
320 889 479 950 terrarum
505 908 538 950 se
567 887 650 950 curis
678 887 876 952 abdicaucrit
901 909 962 952 nec
987 890 1071 952 inter

100 991 216 1035 eornm
247 971 332 1034 uitas
363 970 515 1035 diiudicet
546 992 680 1054 quorum
712 971 868 1036 utilitates
900 973 1070 1073 gubernat.

101 1054 161 1118 illa
187 1055 289 1139 igitur
314 1054 381 1136 uis,
410 1054 466 1118 illa
493 1056 644 1119 maiestas
671 1055 762 1118 fandi
789 1078 827 1119 ac
854 1057 988 1120 netandi
1009 1056 1070 1121 dis·
1084 1074 1109 1116 ro

103 1138 318 1221 criminatrix,
353 1159 433 1220 quac
460 1140 568 1202 omnia
596 1139 783 1202 meritorum
810 1144 974 1204 momenta
1001 1162 1072 1223 per-

101 1222 219 1307 pendit
239 1222 339 1287 librat
360 1223 531 1299 examinat,
555 1222 611 1286 illa
627 1223 778 1306 pietatem
792 1226 881 1287 tuam
902 1225 994 1304 texit,
1017 1224 1073 1287 illa

101 1307 265 1371 nefariam
277 1306 365 1370 illius
379 1308 509 1390 tyranni
523 1307 622 1392 fregit
637 1308 821 1388 amentiam,
845 1307 901 1370 illa
915 1308 1073 1371 inuictum

103 1391 281 1455 exercitum
308 1395 400 1454 tuum
427 1393 476 1455 tot
503 1392 709 1456 uictoriarum
742 1392 938 1455 conscientia
967 1392 1072 1474 plenis

101 1476 289 1560 pectoribus
325 1475 491 1539 ardentem
527 1476 625 1539 tantis
666 1476 798 1559 insuper
833 1476 955 1539 uiribus
990 1475 1111 1539 iuuita

104 1561 245 1643 quantas
266 1562 433 1643 praestare
456 1561 511 1623 aut
527 1560 603 1623 deus
618 1560 724 1642 potuit
745 1565 802 1624 aut
823 1563 998 1624 emortuus
1021 1559 1072 1623 de

103 1644 191 1726 buit,
219 1646 256 1708 ut
277 1644 453 1707 horrendas
476 1644 575 1727 acies,
604 1647 640 1706 ut
661 1644 827 1728 incognita
848 1645 925 1708 ferri
951 1648 983 1707 et
1004 1664 1072 1707 cor-

103 1749 221 1812 porum
247 1728 364 1792 robora
385 1728 559 1791 fulmineus
586 1728 677 1792 miles
705 1732 877 1811 auerteret,
905 1731 956 1811 ut,
986 1728 1072 1811 quic·

104 1812 184 1896 quid
197 1812 394 1910 instruxerat
408 1812 551 1876 diuturni
572 1812 700 1877 sceleris
716 1814 815 1898 longa
829 1813 963 1894 molitio,
985 1812 1073 1876 felici

105 1916 169 1961 con
210 1917 335 1960 esmona
358 1917 569 1962 consumeres.
1085 1913 1111 1953 2⁰

202 1979 262 2045 ΠΙ.
307 1980 336 2045 Ο
358 1984 462 2063 tuam,
483 1981 668 2065 imperator,
691 2003 760 2047 non
781 1982 949 2046 uictoriam
971 1980 1073 2065 magis

105 2085 204 2147 quam
227 2064 430 2128 clementiam
451 2065 712 2147 praedicandam!
750 2069 884 2148 gramte
906 2069 984 2147 aput
1006 2064 1074 2127 ani·

106 2170 195 2212 mum
226 2152 318 2213 tuum
351 2150 448 2213 etiam
480 2149 557 2212 mali
583 2151 728 2232 pereunt.
772 2149 893 2211 inuitus
921 2147 1075 2230 pugnasti

129 2232 163 2295 ui
184 2235 252 2296 tam
273 2232 370 2297 facile
391 2233 554 2297 uincebaa
598 2232 781 2295 iamdudum
809 2232 926 2314 quippe
952 2230 1074 2314 praeui-

105 2253 201 2381 dcras
222 2315 385 2381 hominem
408 2338 476 2381 non
497 2316 685 2401 imperando
703 2315 853 2397 habilem,
875 2336 941 2379 non
963 2317 1074 2377 tantae
1086 2329 1112 2371 aa

107 2400 287 2465 maiestatis
314 2422 480 2484 capacem,
518 2401 602 2484 quod
629 2399 818 2484 magnitudo
851 2398 934 2463 male
963 2397 1076 2461 crediti

106 2485 251 2549 muneris
273 2488 364 2549 extra
385 2485 484 2549 animi
509 2485 675 2570 angustias
698 2484 859 2548 effluebat.
904 2504 999 2566 quam
1042 2480 1076 2545 ui

106 2570 192 2633 tueri
213 2573 391 2653 nequeunt,
422 2569 478 2632 ubi
500 2570 559 2634 sub
580 2574 673 2635 tanto
700 2589 797 2632 onere
818 2568 967 2632 fortunae
989 2566 1023 2630 in

107 2654 205 2717 mitas
226 2653 317 2736 lapsa
339 2657 397 2736 est,
418 2653 547 2718 faciunt
562 2654 728 2719 licentiam
751 2653 789 2717 de
804 2656 969 2737 potestate.
999 2650 1076 2734 quid

108 2759 172 2822 ego
194 2737 331 2801 referam
359 2737 537 2802 infelicium
558 2739 799 2823 indignissimas
823 2736 958 2802 caedes?
1000 2734 1114 2817 quido

108 2821 289 2902 inexpletos
311 2820 481 2884 libidinum
501 2823 635 2905 pastus?
673 2822 748 2905 quid
770 2822 903 2885 miseras
925 2820 1077 2902 patrimo·

107 2905 238 2969 nicrum
261 2904 478 2988 direptiones?
523 2907 677 2970 sileantur
698 2906 777 2969 hacc
799 2926 892 2986 sane,
919 2924 985 2966 non
1006 2905 1076 2966 tan·

216 3078 316 3086 -—---—

176 3195 193 3244 ὅ
211 3198 286 3245 totas
304 3211 366 3261 epo:
390 3199 478 3245 totam
494 3198 521 3245 Π
544 3194 548 3259 Ι
572 3196 749 3246 seruaturac
773 3192 783 3258 ss
812 3196 843 3243 19
861 3193 943 3256 longo
960 3194 984 3240 A
1007 3189 1017 3256 ΙΙ
1046 3192 1078 3240 22

108 3259 239 3327 grauata]
259 3263 381 3327 grauiter
398 3276 423 3311 w
444 3261 454 3326 ΙΙ
475 3264 507 3312 23
525 3263 609 3313 etiam
627 3270 686 3312 ante
704 3260 771 3310 mali
787 3261 811 3309 A
826 3260 911 3318 Bere„
929 3266 988 3310 ante
1005 3256 1080 3323 apud

106 3328 129 3377 B
148 3331 166 3377 0
186 3329 256 3379 VW
274 3338 371 3395 ponant
393 3327 404 3394 ΙΙ
427 3331 462 3379 24
478 3329 640 3394 peruidercs
657 3331 680 3377 A
703 3326 713 3393 ΙΙ
736 3330 768 3378 at
788 3324 882 3393 quam]
904 3326 976 3390 quod
994 3327 1052 3376 edd.
1070 3320 1080 3389 {l

109 3397 143 3511 {i
162 3396 215 3446 fac.
234 3396 267 3447 de
284 3402 342 3460 pot.
361 3397 458 3451 licent.
475 3409 500 3444 w
529 3394 540 3461 ΙΙ
568 3399 601 3448 32
618 3396 689 3447 haec
708 3410 736 3461 ςε
754 3395 804 3445 hee
822 3394 845 3443 A
862 3395 898 3444 hc
916 3395 936 3442 B
953 3394 975 3441 V
993 3392 1080 3441 haco

156 3476 182 3511 w
198 3464 250 3514 hoc
267 3479 285 3530 ς
