2294 3780
103 131 143 194 72
424 129 446 179 1.
484 129 515 179 o.
534 127 747 180 aaronem.

103 281 194 345 sebat
209 280 293 365 quod
308 279 514 362 sequerentur
531 298 640 340 omnes
664 279 697 341 et
711 297 823 340 omnes
838 277 883 340 im
906 277 1077 358 roborent,

103 367 136 428 in
170 363 282 447 primis
316 364 385 447 ipse
418 363 472 445 qui
504 363 681 425 censuerat.
731 360 810 424 adeo
841 299 932 424 nulla
963 361 1076 445 magis

104 450 251 513 omnibus
286 447 457 529 displicent
483 467 579 529 quarn
609 466 689 528 quae
721 445 767 508 sic
795 443 879 508 fiunt
905 447 1073 529 tamquam

106 533 253 597 omnibus
275 531 435 614 placeant.
479 531 614 594 tentasse
636 529 809 613 imperator
835 529 872 592 in
894 531 1008 594 senatu
1029 530 1073 594 ad

79 615 316 680 arcuerentiam
345 615 411 678 eius
444 614 709 697 componebatur:
753 615 893 677 ceterum
923 634 1079 698 egressus

105 701 215 764 statim
243 721 276 763 se
304 699 481 782 recipiebat
502 699 538 762 in
559 697 739 781 principem
764 697 934 781 omniaque
958 718 1072 762 consu·

105 784 185 848 laria
207 783 313 847 officia
335 783 476 866 abicere,
500 782 686 867 neglegere,
712 783 914 850 contemnere
935 781 1077 847 solebat.

105 868 159 931 illa
181 889 257 931 uero
280 868 326 930 ita
349 867 469 949 consul,
493 869 530 930 ut
551 866 725 930 sitantum
747 864 858 929 consul
872 866 965 946 foret,
988 865 1076 930 nihil

105 952 192 1015 infra
213 972 246 1015 se
268 952 403 1034 putabat
423 951 487 1014 nisi
508 950 590 1034 quod
613 950 698 1014 infra
721 949 884 1014 consulem
906 953 999 1014 esset.
1033 972 1074 1014 ac

69 1037 244 1121 roprimnm
277 1036 323 1099 ita
353 1035 445 1098 domo
478 1034 741 1118 progrediebatur
773 1037 810 1097 ut
840 1034 932 1099 illum
964 1034 1076 1098 nullus

107 1122 279 1204 apparatus
306 1118 506 1204 arrogantiae
527 1117 730 1202 principalis,
758 1119 867 1182 nullus
887 1140 1078 1202 praecurso·

106 1227 176 1268 rum
203 1204 359 1268 turnultus
387 1203 553 1267 detineret.
598 1224 663 1265 una
686 1205 754 1267 erat
780 1203 816 1265 in
837 1203 949 1267 limine
971 1224 1075 1284 mora,

108 1289 287 1354 consultare
307 1310 382 1352 aues
396 1288 597 1371 reuererique
618 1287 787 1350 numinum
800 1287 954 1353 monitus.
978 1309 1076 1352 nemo

107 1374 366 1457 proturbabatur,
386 1394 480 1437 nemo
502 1372 765 1435 submonebatur:
789 1374 882 1435 tanta
895 1372 1077 1437 uiatoribus

70 1475 94 1514 1⁵
108 1459 212 1541 quiea,
245 1461 355 1521 tantus
382 1457 486 1539 pudor
513 1457 654 1521 fascibus
686 1459 723 1520 ut
748 1456 935 1539 plerumque
967 1456 1080 1521 aliena

108 1543 203 1604 turba
225 1541 396 1636 subsistere
425 1544 464 1636 et¹
479 1541 643 1605 consulem
673 1544 705 1604 et
726 1541 905 1624 principem
934 1545 1077 1626 cogeret.

108 1623 896 1793 er{retracturuszetula
913 1628 1077 1775 truc

109 1792 254 1874 principe
272 1791 419 1854 incedere
436 1792 605 1855 uideretur.
629 1793 691 1855 iter
704 1793 752 1856 illi
768 1794 894 1876 saepius
908 1795 943 1857 in
957 1795 1077 1877 forum,

71 1894 96 1932 2⁰
109 1876 292 1958 frequenter
313 1878 421 1939 tamen
445 1880 476 1939 et
497 1877 531 1939 in
554 1897 710 1959 campum.

173 1957 335 2023 LXXVII.
387 1958 471 2023 Nam
502 1960 629 2024 comitia
655 1961 821 2025 consulum
849 1961 961 2026 obibat
985 1963 1076 2046 ipse:

110 2047 237 2108 tantum
264 2065 303 2108 ex
324 2044 562 2108 renuntiatione
591 2066 699 2109 eorum
723 2046 799 2109 uolu
822 2046 898 2109 tatis
921 2049 1076 2128 quantum

110 2130 197 2212 prius
231 2151 269 2192 ex
296 2128 510 2193 destinatione
543 2129 698 2212 capiebat.
748 2069 880 2195 stabant
914 2131 1077 2195 candidati

111 2212 186 2278 a'nte
217 2213 358 2278 curulem
384 2214 552 2298 principis,
586 2217 623 2278 ut
649 2214 718 2297 ipse
745 2218 818 2279 ante
847 2214 986 2279 consulis
1014 2218 1077 2280 ste

72 2315 97 2356 2⁵
110 2302 209 2380 terat,
240 2299 514 2384 adigebantnrque
536 2299 571 2362 in
592 2299 692 2363 uerba
718 2299 753 2362 in
776 2320 856 2382 quae
877 2298 974 2380 paulo
1000 2304 1079 2364 ante

110 2383 178 2466 ipse
205 2385 364 2448 iurauerat
390 2385 556 2467 princepe,
588 2384 643 2467 qui
670 2385 798 2448 tantum
825 2385 920 2467 putat
945 2404 1014 2448 esse
1040 2384 1077 2447 in

110 2466 179 2529 inre
201 2467 335 2531 iurando
357 2468 487 2531 utillud
510 2472 543 2531 et
564 2469 605 2532 ab
621 2468 692 2531 aliis
715 2469 832 2551 exigat.
862 2467 985 2551 reliqua
1000 2489 1079 2552 pars

111 2550 175 2612 diei
190 2550 342 2614 tribunali
357 2551 502 2615 dabatur.
530 2551 576 2615 ibi
597 2573 673 2614 uero
695 2555 815 2634 quanta
835 2551 949 2636 religio
971 2551 1076 2634 aequi·

112 2633 214 2730 tatisl
241 2637 360 2716 quanta
387 2633 496 2718 legum
523 2635 719 2699 reuerentia!
763 2636 872 2699 adibat
899 2636 1013 2719 aliquis
1030 2638 1079 2732 ‘nt

73 2735 98 2776 ⁸⁰
111 2718 1078 2867 tuctu*trente*rsitt‘ttrcrtartt

112 2825 174 2968 ist,
210 2823 441 2970 auctagletiam3
480 2851 635 2970 siquidem
662 2887 814 2970 pleraque
847 2888 887 2950 ad
913 2890 1077 2970 praetores

112 2970 296 3032 remittebat
323 2973 417 3053 atque
445 2972 491 3034 ita
520 2974 555 3034 ut
578 2970 717 3054 collegas
746 2974 888 3052 uocaret,
917 2991 983 3034 non
1004 2971 1081 3054 quia

181 3179 195 3223 7
213 3176 321 3226 abicere
342 3175 486 3225 Liuineius:
510 3176 623 3240 abigere
641 3178 668 3224 11
691 3173 702 3240 ΙΙ
726 3179 742 3226 8
765 3182 795 3225 ut
814 3176 837 3227 si
855 3180 962 3225 tantum
980 3174 1079 3226 consul

112 3259 159 3293 om.
178 3245 211 3290 W
228 3242 238 3308 η
256 3246 271 3293 9
291 3241 430 3293 consulem
451 3243 607 3293 Coronaeus:
628 3258 674 3294 eos
692 3246 720 3292 11
737 3241 747 3309 ΙΙ
766 3245 796 3293 11
815 3259 1004 3308 percussorum
1023 3246 1040 3292 0
1065 3239 1079 3308 ΙΙ

114 3311 146 3358 14
170 3311 384 3373 perturbabatur
400 3311 440 3370 11,
468 3326 537 3362 corr.
556 3313 688 3362 Liuineius
711 3309 721 3375 u
746 3314 777 3362 17
799 3314 873 3375 princ
894 3315 950 3361 tam
973 3327 1020 3362 om.
1042 3313 1080 3373 Ι,

112 3378 178 3426 odd:
192 3391 217 3424 w
239 3376 249 3441 ll
275 3377 306 3428 la
328 3377 536 3428 intercederet}
559 3380 564 3440 Ι
588 3377 630 3427 illi
646 3393 684 3428 w:
712 3378 769 3428 illis
786 3380 814 3425 1
837 3377 847 3443 ΙΙ
871 3381 903 3428 22
927 3385 956 3429 et
973 3383 1080 3429 tautum

69 3478 72 3485 .
113 3444 216 3509 Lipsius
232 3443 235 3509 Ι
252 3440 395 3510 quantum]
414 3459 495 3509 quam
513 3449 531 3496 c
547 3444 558 3511 ΙΙ
575 3448 608 3497 27
626 3442 707 3511 illud]
727 3446 753 3495 id
772 3449 789 3495 0
