2294 3780
264 161 523 245 consummo
542 162 713 216 AUGUSTO
732 165 765 215 D.
785 167 894 216 ‘rr-23.
1002 164 1062 228 179

90 311 265 377 exercitam
280 312 345 376 tuis
360 312 490 376 auribus
506 334 735 396 consecrarem,
757 313 912 377 maximas
934 315 1060 378 numini

90 402 146 461 tuo
169 397 291 481 gratias
319 417 380 481 ago
401 396 540 481 tibique,
570 397 654 481 quod
682 403 841 482 superest,
872 398 1059 462 commendo

89 482 208 546 liberos
240 502 329 546 meos
357 482 590 565 praecipueque
620 483 712 547 illum
745 483 810 546 iam
839 504 962 546 summa
991 483 1060 547 fisci

88 565 271 651 patrocinia
291 568 499 648 tractantem,
522 567 556 630 in
578 588 671 650 quem
694 589 745 631 me
767 570 872 631 totum
894 566 1061 631 transtulit

88 651 210 735 pietus,
244 651 333 715 cuius
359 649 438 714 felix
472 651 624 733 seruitus,
659 653 686 714 si
713 651 840 737 quando
872 654 1085 737 respexeris,5

90 737 229 799 maxime
264 738 338 799 tuae
373 735 542 799 conueniet
574 737 680 800 aetati.
732 740 872 801 ceterum
907 737 991 820 quod
1021 736 1060 801 de

90 819 239 884 omnibus
267 819 377 884 liberis
400 819 482 902 dixi,
511 820 578 883 lata
606 823 669 903 est,
700 822 886 905 imperator,
916 821 1059 886 ambitio

89 908 219 989 praeter
245 903 318 968 illos
345 905 432 967 enim
461 904 601 989 quinque
630 926 710 988 quos
736 907 834 990 genui
862 907 959 969 etiam
987 906 1060 970 illos

88 989 182 1074 quasi
208 1010 296 1053 meos
323 1009 457 1052 numero
487 1010 566 1073 quos
595 991 727 1073 prouexi
758 990 798 1054 ad
825 991 959 1054 tutelam
986 991 1059 1074 fori,

87 1074 131 1138 ad
164 1073 269 1138 officia
299 1073 424 1157 palatii.
475 1073 569 1137 multi
598 1076 715 1158 quippe
748 1097 787 1138 ex
816 1097 867 1138 me
899 1077 961 1138 riui
992 1097 1098 1139 nonu

86 1157 251 1255 ignobiles
272 1157 390 1240 fluunt,
413 1157 507 1221 multi
530 1162 702 1223 sectatores
725 1161 787 1224 mei
810 1160 908 1223 etiam
929 1160 1059 1243 prouin-

88 1263 158 1306 clas
184 1245 257 1306 tuas
285 1242 521 1307 administrant.
569 1265 703 1326 quorum
731 1244 929 1307 successibus
958 1243 1059 1306 laetor

88 1327 294 1410 omniumque
309 1325 466 1391 honorem
486 1348 545 1410 pro
566 1349 638 1391 meo
655 1328 733 1391 duco
756 1330 799 1409 et,
822 1327 848 1390 si
864 1328 948 1390 forte
963 1326 1058 1391 hodie

87 1411 176 1475 infra
199 1412 456 1495 expectationem
477 1412 541 1475 mei
564 1412 688 1494 dixero,
717 1411 836 1474 inillis
859 1433 910 1476 me
934 1411 1058 1475 confido

86 1496 257 1581 placuisse.
303 1498 331 1560 si
352 1499 461 1560 tamen
488 1495 550 1560 hoc
572 1518 695 1581 quoque
723 1494 803 1560 mihi
824 1499 916 1560 tuum
938 1517 1055 1560 numen
1071 1515 1096 1556 15

86 1579 259 1645 indulserit
280 1584 317 1644 ut
339 1602 377 1644 ex
399 1579 460 1645 hac
483 1581 625 1645 oratione
647 1603 714 1645 non
738 1581 948 1665 eloquentiae,
974 1581 1058 1663 quod

86 1664 226 1729 nimium
249 1669 307 1747 est,
332 1666 387 1729 sed
410 1666 718 1750 quantulaecumque
737 1666 928 1750 prudentiae
951 1668 983 1729 et
1006 1665 1059 1729 de·

86 1753 182 1814 notae
204 1749 264 1813 tibi
286 1751 405 1814 mentis
427 1751 648 1815 testimonium
670 1751 822 1816 referam:
858 1751 974 1815 cedant
995 1751 1058 1834 pri·

85 1837 235 1898 ustorum
263 1834 439 1898 studiorum
466 1834 628 1919 ignobiles
657 1858 765 1921 curae3
796 1839 950 1920 perpetua
977 1835 1058 1900 mihi

86 1920 149 1983 erit
172 1920 308 1983 materia
329 1919 470 2002 dicendi,
493 1921 548 2003 qui
570 1942 620 1985 me
642 1922 841 2006 probauerit,
870 1921 1054 2004 imperator.
1069 1940 1095 1979 ro

473 2127 673 2135 ——-—-.-—--

527 2259 623 2333 VIII.

386 2411 760 2509 INCERTI
842 2452 846 2458 ·

227 2575 661 2643 GRATIARUM
705 2575 922 2642 ACTIO

344 2714 600 2766 cousmnrruo
620 2714 799 2767 rucnsro.

148 2863 175 2928 I.
220 2861 255 2929 Si
276 2863 392 2929 Flauia
412 2863 597 2929 Aeduorum
618 2864 748 2928 tandem
770 2867 901 2927 aeterno
923 2864 1092 2927 nomineas

84 2950 290 3032 nuncupata,
324 2949 537 3014 sacratissimo
568 2950 756 3033 imperator,
790 2969 989 3014 commouere
1020 2970 1054 3013 se

83 3031 231 3096 funditus
260 3037 355 3117 atque
384 3033 446 3098 huc
474 3034 585 3099 uenire
611 3033 787 3118 potuisset,
816 3037 886 3098 tota
910 3034 1054 3118 profecto
1083 3096 1086 3101 .

155 3224 168 3271 l
188 3223 244 3274 tuis
261 3225 336 3273 edu„-
353 3223 383 3272 in
401 3224 458 3273 tuis
474 3224 502 3271 Π
522 3221 532 3287 l
557 3224 723 3285 bseruitns3
742 3225 823 3273 malim
841 3224 969 3274 iuuentus
990 3221 1000 3288 l
1022 3225 1054 3273 10

84 3304 119 3341 ex
137 3305 180 3340 me
198 3290 253 3340 riui
270 3306 324 3341 non
342 3291 398 3356 ign.
413 3291 503 3354 (ιίιερμΙ
521 3306 554 3340 ex
566 3290 634 3341 meri
647 3291 713 3341 uino
726 3292 782 3354 ign.
793 3291 858 3339 ΔΝ
876 3308 910 3342 ex
922 3306 982 3340 mea
994 3292 1054 3340 riuo

82 3357 141 3423 ign.
159 3355 236 3408 Bere.
258 3373 292 3408 ex
309 3359 375 3408 meri
392 3357 473 3408 humo
491 3359 547 3424 ign.
566 3359 586 3407 B
604 3360 622 3407 (t
639 3358 662 3405 V
683 3356 693 3423 l
716 3360 746 3407 11
766 3358 850 3408 etiam
867 3375 914 3410 om.
931 3359 964 3406 W
1021 3358 1059 3406 tt

84 3432 162 3476 tuum
180 3424 282 3475 mibic
305 3423 317 3490 ΙΙ
346 3428 380 3476 20
398 3440 450 3490 que
467 3441 510 3475 me
528 3428 551 3475 Δ
579 3423 590 3493 [Ι
619 3427 653 3476 25
672 3426 857 3477 eduorum}
874 3439 980 3487 semper
1036 3420 1078 3465 ἥδ)

83 3493 273 3545 sacratissime
290 3495 365 3547 edd:
381 3492 442 3546 sac'
460 3496 484 3546 Δ
501 3511 584 3549 sacer
603 3503 666 3549 cett.

887 3570 946 3625 ss*
