2294 3780
103 153 145 219 56
433 154 455 205 1.
484 153 514 207 c.
532 153 650 204 eumn
667 149 747 202 rau.

105 307 169 388 aut,
200 305 227 368 si
255 307 357 388 putet,
387 305 480 366 amet.
529 301 625 365 debes
653 322 739 385 ergo,
768 299 895 385 Caesar,
924 302 957 364 et
979 301 1076 365 soluis

105 393 148 474 et,
171 411 244 454 eum
258 393 308 453 ter
324 387 469 451 consules
483 386 576 467 facis,
600 407 668 448 non
690 385 750 448 tibi
764 407 899 469 magnus
917 386 1077 469 princepe,

105 475 161 538 sed
190 496 257 538 non
286 473 433 556 ingratus
461 470 581 534 amicus
609 469 739 538 uideris.
782 471 860 552 quin
883 471 980 533 etiam
1005 486 1083 552 per-'

107 580 204 641 quarn
225 556 351 620 modica
375 556 529 639 quaedam
552 554 669 618 ciuium
690 554 805 618 merita
833 554 980 617 fortunae
1003 559 1078 618 tuae

80 641 232 705 suiribus
259 641 295 703 in
325 640 428 703 maius
455 639 592 703 extollis.
642 638 743 702 efficis
772 638 859 702 enim
887 641 923 701 ut
950 640 1078 701 tantum

105 725 167 788 tibi
198 724 330 808 quisque
357 724 554 806 praestitisse
583 722 730 787 uideatur
756 726 912 806 quantum
934 745 953 786 a
974 725 1007 813 te
1029 743 1077 786 re-

106 809 201 892 cepit.
239 807 315 892 quid
338 807 393 871 isti
415 807 610 890 benignitati
631 807 764 890 precer?
802 807 866 870 nisi
893 809 930 870 ut
952 827 1078 889 semper

108 893 248 976 obligeS,
279 892 431 976 obligaris
460 892 679 974 incertumque
707 891 809 954 facias
836 895 944 954 utrum
973 891 1076 975 magis

107 976 257 1060 expediat
279 976 402 1040 ciuibus
424 977 488 1039 tuis
512 975 626 1038 debere
648 975 708 1038 tibi
731 996 773 1038 an
796 975 1005 1056 praestitisse.

68 1081 93 1120 ro
172 1059 255 1128 LXI.
291 1060 449 1144 Equidem
471 1060 562 1123 illum
580 1058 748 1142 antiquum
770 1061 916 1121 senatum
933 1059 1077 1122 contueri

106 1145 247 1228 uidebar,
278 1165 349 1208 cum
377 1146 427 1208 ter
450 1143 580 1208 consule
608 1142 768 1206 assidente
796 1142 892 1204 tertio
915 1143 1078 1206 consulem

107 1229 312 1314 designatum
347 1228 456 1312 rogari
501 1227 696 1291 sententiam
733 1247 904 1290 cernerem.
964 1227 1077 1307 quanti

105 1318 183 1377 tunc
205 1314 254 1377 illi
283 1317 482 1397 quantusque
503 1312 556 1375 tul
596 1311 714 1376 accidit
735 1309 864 1394 quidem
885 1313 922 1373 ut
943 1330 1078 1393 corpora

128 1399 283 1462 uamlibet
315 1398 416 1461 ardua
450 1400 482 1461 et
521 1396 645 1461 excelsa
680 1394 914 1479 procerioribus
948 1394 1078 1457 admota

69 1500 95 1541 1⁵
107 1421 310 1564 decrescant3
352 1482 430 1545 item
466 1484 502 1543 ut
538 1480 711 1544 altissimae
748 1479 866 1543 ciuium
904 1478 1077 1562 dignitates

108 1566 280 1630 collatione
307 1565 432 1648 fastigii
453 1564 500 1626 tui
529 1565 621 1647 quasi
651 1564 870 1646 deprimantur
897 1566 1077 1646 quantoque

107 1649 238 1734 propius
266 1647 306 1711 ad
329 1647 587 1732 magnitudinem
609 1651 698 1711 tuam
726 1645 929 1711 ascenderint
950 1650 1076 1710 tantum

109 1735 204 1798 etiam
228 1755 247 1795 a
269 1753 327 1796 sua
349 1731 549 1795 descendisse
571 1732 749 1795 uideantur.
794 1729 866 1792 illos
894 1734 1004 1794 tamen
1032 1733 1078 1814 tu,

109 1838 301 1900 quamquam
329 1837 395 1878 non
422 1815 556 1898 potuisti
588 1816 649 1879 tibi
687 1835 833 1898 aequare,
868 1835 940 1879 cum
967 1814 1076 1896 uelles,

68 1901 186 1964 madeo
218 1903 253 1963 in
288 1899 372 1962 edito
409 1900 573 1964 collocasti
606 1903 642 1963 ut
673 1902 800 1964 tantum
832 1919 928 1982 super
957 1903 1078 1963 ceteros

110 1987 264 2065 quantum
286 1982 372 2047 infra
393 1987 426 2048 te
442 1987 656 2047 cernerentur.
691 1984 718 2046 si
740 1984 835 2057 unius
856 1983 986 2047 tertium
1003 2004 1078 2046 con·

109 2068 248 2133 sulatum
283 2070 418 2133 eundem
451 2068 486 2131 in
519 2090 639 2132 annum
671 2068 706 2131 in
735 2090 828 2148 quem
853 2071 943 2130 tuum
967 2069 1077 2130 cont-

108 2154 211 2232 lases,
234 2154 377 2238 ingentis
400 2153 501 2217 animi
522 2152 684 2236 specimen
706 2151 886 2216 haberetur.
933 2153 970 2213 ut
992 2151 1079 2213 enirn

109 2238 275 2303 felicitatis
298 2241 347 2302 est
368 2241 525 2321 quantum
546 2237 627 2301 uelis
649 2258 752 2320 posse,
776 2238 822 2300 sic
843 2233 1078 2319 magnitudinis

70 2341 96 2382 as
108 2323 191 2389 uelle
214 2327 371 2406 quantum
392 2323 506 2406 possis.
544 2321 721 2386 laudandus
744 2321 871 2404 quidem
893 2322 926 2382 et
947 2318 1001 2382 ille
1024 2320 1079 2401 qui

111 2408 311 2472 consulatum
334 2408 463 2471 tertium
486 2408 611 2488 meruit,
640 2407 695 2468 sed
717 2406 819 2488 magis
849 2404 907 2467 sub
931 2424 993 2486 quo
1015 2425 1080 2466 me-

108 2493 189 2555 ruit:
211 2512 349 2636 magnus
372 2491 660 2572 memorandusque
676 2489 732 2571 qui
752 2492 880 2552 tantum
902 2488 1079 2570 praemium

110 2575 206 2656 cepit,
230 2595 262 2637 se
306 2573 409 2636 maior
424 2574 478 2655 qui
501 2573 643 2656 capienti
658 2571 755 2635 dedit.
792 2572 877 2654 quid,
901 2571 985 2653 quod
1001 2571 1079 2634 duos

110 2660 231 2741 aaa
252 2654 1080 2804 paqegqsuffinpuqupgpgpnrcaffipapeqt

72 2760 97 2799 ³⁰
110 2741 364 2910 qqqquasgqusaql
396 2823 493 2888 fuisse
521 2823 713 2888 extendendi
747 2825 931 2888 consulatus
958 2762 1012 2887 Itui
1044 2827 1081 2886 ut

112 2910 246 2974 duorum
268 2907 450 2973 consulatus
473 2909 716 2991 amplecteretur
736 2911 768 2972 te
791 2909 955 2993 collegam.
986 2930 1080 2990 quem

181 3066 243 3112 tet
262 3078 322 3113 cnm
342 3063 480 3112 Gruterus:
504 3062 554 3113 sed
572 3078 632 3113 cum
650 3061 727 3127 Mitt
745 3064 775 3112 in
797 3077 892 3112 manus
909 3063 929 3111 B
949 3060 1021 3126 Vlld
1039 3077 1081 3110 re-

114 3131 188 3193 cepit
207 3144 235 3191 ςε
253 3131 354 3195 recipit
372 3132 401 3178 Π
428 3129 439 3196 ΙΙ
470 3134 501 3181 13
521 3132 671 3194 quantique
690 3127 863 3194 etquidem]
883 3130 954 3180 enirn
974 3132 991 3177 0
1014 3126 1025 3193 ll
1048 3131 1080 3179 15

113 3196 154 3262 ut]
175 3198 221 3246 uel
238 3199 299 3245 BV
328 3196 339 3262 ΙΙ
369 3201 401 3248 23
421 3193 517 3263 animi]
547 3199 647 3248 annio
676 3195 686 3261 ΙΙ
716 3200 749 3247 26
771 3199 885 3247 tertium
907 3197 1080 3248 consulatum

112 3267 129 3313 c
159 3263 169 3328 ΙΙ
199 3267 232 3315 29
252 3265 366 3328 collegii
384 3266 503 3329 Lipsius:
523 3265 645 3328 collegas
663 3267 704 3323 lti;
735 3281 768 3314 an
788 3263 856 3314 dnos
875 3264 997 3330 collegas
1015 3269 1080 3313 tuae

112 3333 271 3382 sanctitatis
284 3333 415 3383 societate
429 3333 585 3384 decorasti?
599 3331 705 3397 1132aq.
725 3332 939 3397 amplecteretur
959 3336 987 3381 et
997 3331 1081 3381 eolle-

113 3416 176 3465 gam
196 3415 266 3462 quae
285 3400 484 3466 (collegamque
497 3401 521 3458 (i)
535 3405 563 3450 te
576 3415 630 3450 non
643 3401 691 3449 uni
702 3398 782 3449 daret
794 3404 909 3465 uterque
920 3400 956 3461 Μ,
975 3399 1083 3450 correxi

112 3475 138 3518 et
154 3469 274 3533 suppleti
