2294 3780
376 166 538 218 ransuo
556 168 591 222 n.
613 170 722 218 ao-aa.
994 171 1033 232 19

64 318 180 398 mator,
204 315 270 378 iam
292 318 324 378 te
346 315 461 379 mereri
483 315 638 379 fatereris.
678 317 785 399 itaque
808 317 869 380 soli
891 320 1032 383 omnium

10 398 13 445 1
66 399 204 483 contigit
217 399 278 463 tibi
300 402 337 462 ut
356 404 449 483 pater
466 401 588 496 patriae
611 421 696 463 esses
719 404 793 464 ante
814 423 907 485 quam
928 402 1030 466 fieres.

65 505 134 548 eras
156 485 243 547 enim
265 484 300 546 in
318 485 445 565 animis,
469 506 505 547 1n
519 484 645 548 iudiciis
659 486 788 564 nostris,
811 507 870 550 neo
884 487 1031 570 publicae

64 568 195 652 pietatis
223 569 379 633 intererat
405 567 481 651 quid
508 589 674 652 uocarere,
708 570 772 633 nisi
794 570 878 653 quod
900 572 1031 656 ingrata

65 652 126 716 sibi
147 652 334 735 uidebatur,
366 653 393 716 si
415 660 448 716 te
469 655 697 736 imperatorem
718 654 824 739 potius
846 660 977 720 uocaret
999 658 1056 720 ets

65 735 248 818 Gaesarem,
285 758 355 801 oum
384 740 509 820 patrem
543 738 748 820 experiretur.
793 739 876 822 quod
904 741 1031 822 quidem

64 842 183 885 nomen
204 843 267 969 qpa
288 821 500 905 benignitate,
523 843 585 905 qua
606 821 807 906 indulgentia
830 826 972 888 exerces!
995 829 1031 888 ut

64 926 134 969 eum
159 906 221 969 ciui
244 926 282 969 us
303 905 367 968 tuis
390 905 480 988 quasi
507 926 578 968 oum
600 906 708 970 liberis
730 928 846 990 parens
869 908 965 972 uiuis!
996 912 1031 971 ut

63 1011 209 1056 reuersus
237 991 428 1074 imperator,
459 989 514 1072 qui
536 991 679 1072 priuatus
703 993 838 1075 exieras,
871 993 1029 1076 agnoscis²

63 1075 266 1158 agnosceris!
290 1074 417 1138 eosdem
433 1095 502 1151 nos,
527 1075 661 1138 eundem
681 1077 712 1138 te
732 1079 837 1160 putas,
855 1097 914 1159 par
929 1078 1028 1141 omni·
1044 1100 1069 1138 ιο

62 1159 122 1223 bus
145 1162 178 1222 et
198 1157 260 1223 hoo
280 1162 408 1222 tantum
431 1159 545 1222 ceteris
567 1160 669 1224 maior
690 1161 775 1242 quod
796 1160 917 1224 melior.

118 1242 223 1308 XXII.
243 1243 439 1326 Aeprimum
448 1243 585 1325 quidem,
602 1245 656 1326 qui
668 1243 734 1306 dies
745 1243 800 1305 ille
813 1265 874 1326 quo
884 1249 1029 1327 expecta-

62 1331 114 1391 tus
128 1327 389 1410 desideratusque
405 1327 518 1390 urbem
533 1330 621 1390 tuam
637 1327 801 1409 ingressus
817 1329 864 1389 es!
888 1328 953 1389 iam
968 1329 1028 1391 hoc

59 1413 182 1496 ipsum,
205 1414 364 1494 quomodo
386 1411 550 1496 ingressus
573 1432 621 1492 es,
645 1432 739 1495 quam
761 1410 878 1473 mirum
896 1411 1028 1474 laetum-

61 1499 137 1579 que!
165 1517 241 1559 nam
263 1496 386 1578 priores
408 1494 518 1558 inuehi
540 1498 573 1558 et
594 1495 762 1579 importari
785 1496 941 1579 solebant,
962 1518 1028 1561 non
1041 1517 1068 1557 re

61 1580 131 1643 dieo
147 1579 336 1664 quadriiugo
357 1601 450 1643 curru
466 1583 499 1642 et
514 1580 695 1644 albentibus
717 1580 816 1664 equis,
841 1579 895 1644 sed
911 1581 1028 1645 umeris

60 1663 243 1747 hominum,
273 1663 357 1746 quod
382 1664 583 1747 arrogantius
612 1667 691 1728 erat.
735 1668 771 1728 tu
792 1664 859 1728 sola
888 1667 1029 1748 corporis

60 1749 254 1831 proceritate
275 1749 388 1812 elatior
409 1748 480 1811 aliis
501 1750 534 1811 et
554 1749 709 1812 excelsior
729 1747 851 1812 nonde
871 1750 1029 1832 patientia

59 1836 171 1897 nostra
199 1832 359 1916 quendam
386 1831 598 1915 triumphum,
630 1832 686 1897 sed
709 1833 747 1897 de
772 1833 920 1916 superbia
941 1834 1028 1917 prin-

60 1917 169 2001 cipum
191 1916 296 2000 egisti.
328 1937 405 2000 ergo
426 1937 493 1979 non
516 1919 603 1980 aetas
625 1938 832 2002 quemquam,
854 1939 921 1981 non
942 1919 1027 1982 uale-
1041 1941 1067 1979 ao

58 2001 148 2082 tudo,
173 2022 241 2063 non
255 2022 348 2065 sexus
363 2000 540 2064 retardauit
561 2022 623 2083 quo
640 2003 746 2066 minus
768 2003 876 2066 oeulos
898 2003 1028 2066 insolito

59 2084 244 2170 spectaculo
272 2085 430 2168 impleret.
474 2089 506 2148 te
534 2086 660 2168 paruuli
688 2107 837 2169 noscere,
867 2089 1027 2149 ostentare

58 2170 208 2251 iuuenes,
240 2170 350 2233 mirari
378 2191 483 2254 senes3
521 2170 611 2254 aegri
639 2191 762 2253 quoque
790 2170 936 2253 neglecto
964 2191 1027 2231 me·

60 2254 205 2318 dentium
220 2253 354 2337 imperio
377 2253 415 2317 ad
432 2256 640 2336 conspectum
654 2253 701 2316 tui
724 2252 814 2335 quasi
838 2252 1028 2315 adsalutem

59 2339 295 2418 sanitatemque
317 2358 495 2421 prorepere.
525 2336 600 2400 inde
623 2336 677 2400 alii
700 2358 733 2400 se
755 2335 833 2399 satis
855 2335 973 2399 uixisse
995 2340 1027 2399 te
1041 2355 1067 2395 aa

58 2424 146 2505 uiso,
181 2425 214 2485 te
242 2426 388 2506 recepte,
423 2422 478 2485 alii
505 2442 592 2486 nune
626 2421 730 2505 magis
758 2441 826 2484 esse
854 2419 1027 2486 uiuendum

58 2506 299 2589 praedicabant.
344 2506 481 2569 feminas
504 2507 600 2570 etiam
621 2509 700 2569 tune
721 2505 928 2571 fecunditatis
951 2527 1027 2569 suae

59 2591 202 2654 maxima
224 2592 373 2673 uoluptas
396 2590 510 2672 subiit,
535 2612 606 2654 eum
628 2594 795 2654 cernerent
817 2589 868 2654 cni
888 2590 1028 2674 principi

60 2675 157 2757 ciues,
181 2675 232 2737 cui
253 2675 440 2757 imperatori
461 2675 579 2738 milites
601 2676 809 2758 peperissent.
832 2674 955 2739 uideres
979 2696 1026 2737 re-

59 2758 144 2822 ferta
166 2761 253 2821 tecta
274 2780 310 2823 ae
335 2758 518 2822 laborantia
545 2781 581 2822 ae
603 2780 645 2822 ne
668 2781 740 2822 eum
762 2759 889 2842 quidem
911 2779 1025 2821 uacau-
1038 2778 1065 2817 eo

58 2846 125 2906 tem
158 2841 264 2905 locum
297 2843 350 2925 qui
387 2864 454 2906 non
489 2842 552 2906 nisi
589 2863 641 2906 aus
665 2864 777 2907 ensum
813 2845 845 2906 et
876 2842 1025 2906 instabile

58 2925 233 3010 uestigium
257 2930 393 3009 caperet,
420 2927 563 3010 oppletas
586 2865 727 3010 unciique
748 2926 818 2991 uias
840 2930 1025 3012 angustum·

57 3099 263 3108 *—

126 3218 143 3264 4
162 3229 295 3264 necarere
313 3214 358 3263 W:
377 3231 479 3265 uocare
497 3217 581 3266 BcV
600 3213 613 3281 ΙΙ
632 3219 660 3265 11
681 3215 752 3279 quod
770 3215 914 3264 Liuineius:
933 3231 985 3280 quo
998 3218 1025 3265 Μ

57 3282 65 3347 J:
83 3285 116 3332 12
136 3282 248 3346 quidem
268 3284 314 3346 qni
327 3282 501 3333 Selwarzius:
520 3281 585 3348 quin
599 3284 631 3331 W
650 3282 713 3347 quid
725 3283 776 3330 Bc
795 3284 876 3347 quiV
893 3280 902 3346 ll
920 3286 951 3332 13
969 3287 1025 3332 iam

56 3351 82 3403 b.
102 3352 121 3400 i.
144 3366 170 3414 q.
189 3351 331 3414 ingressus
350 3366 379 3400 es
403 3368 449 3405 om.
467 3352 484 3398 0
505 3349 515 3416 l
537 3355 569 3402 14
592 3349 723 3415 quomodo
744 3352 851 3414 scripsi:
879 3350 949 3414 quod
967 3352 995 3397 Π
1016 3347 1025 3412 ΙΙ

58 3421 90 3468 15
107 3433 176 3467 nam
193 3431 222 3483 g:
241 3433 305 3467 num
322 3420 350 3465 1
366 3415 377 3482 ΙΙ
393 3420 427 3468 20
446 3433 500 3468 non
516 3421 589 3481 priua
607 3417 652 3465 W:
672 3431 746 3466 noua
765 3419 783 3465 0
800 3417 877 3466 nulla
894 3417 949 3465 BV
965 3417 974 3478 ΙΙ
991 3418 1024 3464 25

57 3486 209 3537 sanitatem
226 3485 246 3533 B
264 3482 275 3549 ll
292 3487 324 3536 27
343 3489 407 3535 tuae
425 3485 455 3547 B,
473 3493 499 3536 ei
515 3486 538 3533 V
555 3501 590 3536 ere
607 3499 657 3534 sue
674 3499 743 3536 corr.
755 3482 766 3548 ΙΙ
778 3486 811 3533 32
829 3488 974 3547 angustum
993 3483 1022 3531 B.

787 3563 824 3618 21
