2294 3780
271 178 280 185 ·
374 152 532 206 TRAIANO
550 155 585 205 D.
621 155 730 206 89-91.
991 152 1033 217 85

69 302 314 385 Nomentum,
338 303 397 367 etsi
418 303 524 367 minus
540 304 576 367 ut
596 302 705 386 bonos,
726 323 912 385 promouere
927 303 1033 389 uellet,

70 388 146 472 quia
166 387 281 451 mutati
303 388 564 472 saeculisignum
585 387 697 451 ethos
720 391 804 451 esset
831 387 914 471 quod
941 388 1033 451 flore·

69 474 143 536 rent
165 492 299 556 quorum
320 473 526 556 praecipuum
554 475 663 535 uotum
691 473 765 535 ante
787 471 891 535 fuerat
912 474 950 536 ut
970 493 1034 535 me·

70 556 190 620 moriae
212 556 367 639 principis
390 556 553 621 elaberent
592 605 599 618 .

127 639 210 706 XCI.
232 639 383 705 Nondum
404 640 569 705 biennium
592 640 863 723 compleueramus
879 641 912 704 in
929 639 1062 704 offic-ios

68 724 319 790 laboriosissimo
352 728 385 790 et
416 724 572 806 maximo,
607 745 678 788 cum
712 728 748 788 tu
775 725 883 806 nobis,
916 725 1036 809 optime

93 809 264 893 rinoipum‚
279 808 455 873 fortissime
470 810 707 893 imperatorum,
727 809 928 873 consulatum
943 810 1036 874 obtu-

69 832 148 975 listi,
171 898 208 957 ut
230 893 270 957 ad
292 915 450 958 summum
478 892 633 957 honorem
659 894 764 978 gratia
792 894 963 958 celeritatis
986 914 1036 959 ac·

72 977 213 1043 eederet:
242 981 369 1042 tantum
397 979 482 1042 inter
508 981 540 1042 to
569 981 602 1042 et
626 977 698 1041 illos
720 978 883 1063 principes
904 979 1039 1043 interest

72 1062 126 1146 qui
155 1062 317 1126 beneficiis
344 1063 409 1126 suis
445 1062 751 1127 commendationem
780 1084 818 1127 ex
847 1062 1036 1127 difficultate
1050 1081 1075 1123 ro

72 1146 247 1229 captabant
274 1147 493 1232 gratioresque
525 1146 755 1230 accipientibus
788 1147 926 1211 honores
955 1147 1036 1211 arbi-

71 1231 258 1315 trahantur,
292 1231 320 1295 si
345 1231 433 1314 prius
460 1230 533 1295 illos
569 1230 747 1314 desperatio
774 1231 809 1294 in
837 1231 977 1295 taedium
1006 1234 1039 1294 et

71 1315 185 1379 similis
207 1315 354 1398 repulsae
376 1336 466 1380 mora
492 1315 527 1379 in
556 1318 666 1379 notam
689 1315 849 1397 quandam
870 1314 1037 1398 pudorem-

72 1420 133 1482 que
155 1400 313 1464 uertisset.
345 1399 453 1464 obstat
474 1399 665 1464 uerecundia
694 1419 756 1483 quo
779 1398 885 1462 nunus
906 1419 1037 1482 persen·

72 1504 197 1547 scamus
226 1504 289 1567 quo
318 1487 487 1567 utrumque
519 1487 664 1548 nostrum
688 1483 873 1566 testimonio
901 1484 1034 1564 ornaris,
1050 1501 1089 1549 15:

71 1571 109 1631 ut
130 1587 237 1631 amore
259 1568 348 1652 recti,
375 1589 483 1632 amore
505 1568 552 1632 rei
574 1568 720 1652 publicae
742 1568 855 1652 priscis
876 1568 940 1632 illis
963 1589 1036 1632 con·

74 1652 196 1716 salibus
212 1653 408 1736 aequaueris.
438 1654 553 1716 merito
568 1674 681 1736 necne,
701 1655 847 1717 neutram
863 1653 897 1716 iu
912 1654 1037 1735 partem

72 1736 241 1800 decernere
269 1737 456 1821 audeamus,
487 1737 560 1821 quia
588 1758 649 1802 nec
675 1738 726 1801 fas
754 1740 804 1801 est
831 1736 1037 1801 affirmationi

73 1822 149 1884 tuae
172 1820 327 1906 derogare
350 1826 383 1885 et
404 1842 574 1886 onerosum
602 1821 745 1887 confiteri
768 1843 844 1889 uera
866 1842 934 1885 esse
956 1841 1038 1905 quae

73 1903 112 1968 de
127 1905 229 1988 nobis,
245 1905 431 1988 praesertim
446 1912 513 1970 tam
528 1906 711 1992 magnifica,
732 1907 848 1971 dixisti.
878 1910 915 1971 tu
929 1909 1038 1970 tamen
1051 1920 1076 1964 ro

73 1988 190 2073 dignus
219 2010 253 2053 es
280 1990 335 2074 qui
363 2011 417 2054 eos
453 1991 598 2055 consules
631 1990 731 2054 facias
764 1990 803 2055 de
836 1991 949 2087 quibus
977 1991 1066 2073 ista·l

95 2073 175 2137 ossis
197 2074 390 2157 praedicare.
420 2075 542 2139 tribuas
569 2075 698 2139 ueniam
733 2074 816 2159 quod
845 2078 931 2137 inter
959 2072 1072 2155 haeol¹

70 2094 229 2221 beneficia
248 2160 305 2222 tua
325 2159 545 2243 gratissimum
567 2161 617 2223 est
636 2158 730 2222 nobis
751 2157 834 2241 quod
854 2178 913 2221 nos
928 2178 1037 2220 rursus
1071 2170 1077 2219 ¹.

73 2241 214 2326 collegas
244 2263 312 2306 esse
339 2242 481 2307 uoluisti.
522 2242 569 2306 ita
597 2243 714 2306 caritas
741 2245 863 2323 mutua,
890 2241 937 2303 ita
965 2261 1038 2304 eon·
1077 2252 1085 2325 'q

72 2347 193 2409 gruem
213 2328 307 2390 tenor
326 2326 420 2411 uitae,
442 2327 490 2390 ita
511 2348 576 2390 una
596 2325 768 2407 eademque
781 2324 866 2388 ratio
880 2324 1037 2408 propositi
1050 2341 1091 2407 aal

72 2409 272 2493 postulabat,
301 2411 390 2475 cuius
413 2410 520 2475 esuis
554 2414 591 2474 ut
615 2431 739 2474 morum
768 2408 943 2473 similitudo
965 2429 1038 2473 con·

74 2493 199 2558 cordiae
213 2497 344 2559 nostrae
358 2496 495 2579 gloriam
515 2495 640 2559 minuat
654 2516 691 2559 ao
706 2493 837 2578 perinde
852 2495 896 2558 sit
909 2494 1036 2576 mirum,
1096 2508 1100 2531 ²

75 2578 102 2642 si
126 2578 207 2643 alter
228 2582 373 2642 nostrum
396 2602 415 2643 a
438 2580 571 2665 collega,
596 2600 632 2644 ao
648 2582 675 2643 si
692 2601 711 2643 a
726 2600 759 2643 se
774 2579 843 2662 ipse
858 2577 1036 2644 dissentiat.

72 2683 140 2726 non
162 2684 239 2747 ergo
260 2666 324 2727 tem
349 2664 488 2728 orarium
510 2667 543 2728 et
564 2664 704 2728 subitum
727 2667 775 2729 est
797 2663 882 2747 quod
905 2666 1037 2747 uterquc

73 2746 213 2831 collegae
237 2685 402 2811 consulatu
422 2754 583 2833 tamquam
604 2748 720 2813 iterum
741 2769 798 2812 suo
838 2747 952 2829 audet3
974 2747 1075 2810 nisiae

74 2831 154 2914 quod
183 2834 291 2896 tamen
319 2833 372 2916 qui
401 2853 510 2896 rursus
539 2832 685 2896 consules
713 2832 795 2896 fiunt
813 2769 872 2895 lis
900 2830 1037 2914 quidem,

73 2914 130 2979 sed
151 2916 347 2999 temporibus
370 2915 504 2981 diuersis
527 2917 721 3001 obligantur,
743 2937 802 2981 nos
825 2915 904 2980 duos
926 2936 1038 2980 consu.

142 3139 155 3187 1
175 3138 228 3187 etsi
246 3139 335 3188 minus
357 3144 438 3190 notos
459 3143 489 3188 ut
510 3139 597 3190 bonos
614 3143 706 3189 tamen
724 3153 885 3203 promouere
903 3138 1008 3203 Lipsius
1023 3136 1035 3201 ζΙ

72 3205 89 3256 3
112 3202 237 3270 quorum]
267 3220 319 3270 quo
342 3207 359 3255 0
387 3204 397 3270 ss
429 3207 445 3256 4
470 3205 642 3257 elaberemur
663 3208 698 3267 1,
722 3221 789 3256 corr.
813 3220 829 3271 ς
858 3203 868 3270 ll
903 3207 919 3256 8
962 3206 1035 3255 ratis

71 3275 182 3337 scripsi:
207 3272 294 3337 gloria
317 3274 344 3321 Π
367 3271 375 3338 ᾖ
393 3277 408 3324 9
427 3277 532 3323 tantum
557 3275 627 3324 enim
651 3275 724 3323 inter
742 3273 774 3320 W
797 3270 807 3336 ΙΙ
833 3276 863 3322 12
883 3221 961 3336 illosl
978 3271 1036 3321 illis

72 3339 232 3391 Setoorzius
252 3338 255 3404 Ι
275 3341 304 3390 in
326 3356 387 3406 ego:
411 3345 440 3389 et
457 3342 484 3389 1
507 3339 518 3407 ll
543 3343 574 3392 14
596 3342 729 3392 uertisset
750 3342 770 3389 B
790 3342 825 3388 V:
848 3340 1037 3390 uertissentc

72 3407 104 3455 W
127 3406 138 3474 l
166 3409 199 3458 22
221 3409 311 3472 possis
334 3409 389 3458 ista
411 3410 429 3456 0
452 3405 462 3472 l
491 3411 523 3459 ΞΒ
546 3423 596 3460 uos
619 3425 664 3460 om.
683 3408 715 3456 W
738 3407 748 3472 fl
777 3409 809 3457 26
832 3406 1002 3472 postulatW
1022 3404 1035 3470 ll

71 3476 103 3525 27
122 3481 217 3526 nostra
236 3477 254 3524 0
277 3473 287 3540 l
311 3477 344 3526 28
362 3476 420 3541 ipso
433 3475 578 3527 Coronaeus
