2294 3780
110 122 174 186 264
452 121 499 173 XI.
529 120 740 174 Mimnermi

110 276 313 356 prouocatae,
335 294 403 337 non
423 272 578 335 uirtutum
600 270 809 335 admiratione
832 271 1011 335 deuinctae.
1047 272 1083 332 at

111 378 187 422 uero
216 360 325 421 noster
361 356 492 420 affectus
520 354 589 419 ueri
623 354 762 438 certique
790 353 898 419 indicii
928 356 978 418 est
1004 353 1081 416 imis

110 441 227 506 mentis
249 441 376 505 sedibus
399 439 543 537 illigatus
568 439 722 522 [animus]
750 442 783 502 et
803 439 891 503 uitae
911 437 1080 501 immixtus

112 530 143 589 et
171 526 296 608 unitus,
334 525 483 589 resolut1s
516 523 614 587 etiam
646 532 750 588 morte
786 523 971 606 corporibus
1005 543 1080 585 cnm

85 609 285 683 siminortali
312 612 419 672 mente
447 609 599 672 uicturus.
646 628 735 670 arma
761 609 862 692 igitur
889 610 922 671 et
946 607 1081 669 iuuenes

111 715 183 758 cum
205 693 322 777 gladiis
345 696 439 776 atque
460 691 534 775 pilis
555 713 622 755 non
645 692 807 756 custodiae
830 693 970 774 corporis
993 694 1084 774 sunt,

110 777 166 841 sed
181 776 311 861 quidam
325 777 547 859 imperatoriae
564 776 741 840 maiestatis
756 775 919 840 sollemnis
934 778 1080 838 ornatus.

111 861 187 946 quid
209 861 294 925 enim
319 861 389 924 istis
418 881 495 944 opus
518 863 582 943 est,
612 882 684 924 cum
705 859 887 924 firmissimo
915 858 959 923 sis
985 879 1084 922 muro

112 945 205 1008 cinici
228 945 344 1009 amoris
366 943 559 1028 obsaeptus?
584 966 625 1007 an
647 944 819 1009 metuenda
833 943 893 1008 tibi
916 943 1004 1007 curia
1020 946 1081 1025 est,

73 1050 98 1088 ιο
112 1050 184 1093 eum
209 1029 336 1093 senatui
361 1051 429 1093 non
451 1029 552 1092 solum
575 1032 716 1092 ueterem
742 1028 917 1093 reddideris
939 1026 1081 1111 dignita·

110 1117 191 1194 tem,
226 1113 282 1176 sed
309 1114 483 1197 plurimum
511 1113 608 1175 etiam
636 1113 715 1176 noui
741 1110 871 1176 honoris
901 1110 1081 1176 adieceris?

110 1219 152 1261 an
179 1198 315 1282 populus
351 1201 401 1261 est
427 1196 590 1260 timendus
622 1197 822 1279 procuratori
855 1196 1093 1260 alimentorum·

111 1302 257 1364 suorum,
280 1282 365 1345 uitae
386 1280 521 1363 uindiei‚
546 1281 703 1345 libertatis
726 1280 869 1345 auctori?
903 1278 1081 1362 namquid

111 1367 149 1430 de
176 1366 333 1430 militibus
360 1365 498 1449 loquar?
543 1363 606 1429 duo
632 1386 673 1427 an
695 1365 758 1429 tria
780 1365 881 1429 ferme
910 1385 949 1427 ex
970 1367 1083 1427 uetere

73 1470 98 1510 rs
110 1452 265 1515 memoria
292 1451 466 1514 amicorum
488 1450 579 1533 paria
601 1449 817 1532 proferuntur.
860 1468 945 1532 nego
971 1469 1081 1544 quem·

110 1535 197 1617 piam
225 1535 265 1598 ab
288 1555 353 1597 uno
383 1535 485 1598 amico
512 1533 585 1617 plus
607 1532 758 1597 dilectum
781 1554 876 1617 quam
898 1536 951 1615 tu,
980 1553 1081 1616 1mpe-

110 1622 209 1701 rator‚
232 1639 300 1682 non
321 1618 417 1682 modo
440 1640 458 1681 a
481 1617 649 1682 comitibus
672 1623 701 1682 ct
720 1617 859 1681 tribunis
881 1617 961 1698 tuis,
983 1617 1040 1680 sed
1062 1638 1083 1680 a

110 1701 293 1786 legionibus
317 1702 456 1783 cunctis,
481 1703 639 1785 equitibus
662 1723 699 1765 ac
721 1702 897 1785 peditibus,
920 1700 1084 1786 gregariis

111 1787 206 1849 etiarn
228 1787 384 1849 militibus
408 1786 562 1870 diligaris.
596 1787 713 1869 itaque,
736 1785 820 1871 quod
843 1785 882 1849 ad
896 1786 929 1849 te
952 1785 1084 1868 attinet,

72 1889 98 1929 ao
114 1870 306 1933 cunctatam
322 1892 341 1932 a
355 1870 499 1932 custodia
510 1870 557 1932 tui
572 1891 660 1933 arma
674 1891 866 1954 remoueres3
883 1870 938 1934 sed
950 1868 1082 1953 quando

109 1952 170 2016 hoc
191 1954 284 2036 potes
304 1953 496 2035 persuadere
521 1953 702 2017 militibus?
745 1955 840 2019 anxia
867 1956 917 2018 est
937 1953 1081 2017 fidelium

110 2035 288 2121 diligentia.
337 2037 476 2102 maximo
509 2039 610 2101 amori
642 2039 799 2102 maximus
826 2039 923 2102 timor
951 2038 1080 2102 iunctm

110 2124 168 2184 est.
212 2142 279 2185 non
306 2122 398 2186 nobis
426 2121 547 2186 sufficit
571 2121 654 2205 quod
677 2123 845 2187 obtinuisti
873 2126 909 2187 ut
930 2144 1026 2187 nemo
1047 2124 1080 2186 te

108 2205 188 2269 uelit
209 2205 349 2291 laedere,
372 2207 436 2270 nisi
458 2227 517 2271 nos
541 2227 685 2270 curamus
708 2210 745 2269 ut
764 2228 859 2270 nemo
882 2207 995 2290 possit.

70 2306 96 2347 rs
172 2288 275 2355 XXV.
298 2290 491 2356 Habuerunt
511 2290 658 2354 nonnulli
680 2290 735 2354 alii
748 2291 911 2374 principes
932 2290 1079 2356 deuotam

109 2377 142 2438 ct
168 2378 329 2438 amantem
357 2376 406 2440 sui
435 2372 612 2458 cohortem,
643 2374 697 2438 sed
721 2375 783 2438 alio
810 2374 947 2458 quodam
969 2373 1080 2457 mod03

108 2459 247 2541 primum
268 2460 351 2542 quod
369 2458 509 2541 imperiti
532 2479 569 2522 ac
587 2459 680 2522 rudes
703 2459 956 2523 indoctissimum
973 2480 1079 2543 quem-

109 2563 170 2623 que
189 2543 224 2605 in
240 2541 408 2607 consilium
423 2542 625 2625 delegebant,
650 2543 773 2607 scilicet
792 2547 828 2607 ut
846 2545 990 2626 ipsorum
1006 2564 1079 2626 pru·

109 2625 219 2688 dentia
241 2625 339 2709 uulgo
355 2647 483 2689 suorum
507 2625 709 2709 aliquatenus
727 2627 892 2702 emineret.
926 2627 984 2709 ita,
1007 2648 1079 2691 cum

69 2727 95 2766 ao
108 2708 283 2772 uilissimus
306 2709 439 2792 quisque
454 2708 614 2773 honorum
637 2713 669 2774 et
687 2709 872 2775 diuitiarum
887 2711 1010 2795 potitus
1031 2710 1078 2774 fo-

107 2796 171 2877 ret,
194 2814 255 2857 sna
274 2793 439 2857 commoda
462 2796 494 2856 et
515 2792 595 2856 uitia
615 2794 797 2878 principum
819 2795 1008 2880 diligebant.
1039 2794 1080 2858 ab

176 2965 318 3016 ldeuiote
336 2965 369 3012 W
397 2964 407 3030 ΙΙ
436 2965 601 3030 3alligatns
621 2961 662 3022 01
683 2967 789 3016 animus
808 2968 857 3017 del.
878 2968 1017 3017 Acidaliae.
1046 2981 1079 3016 aa

107 3033 233 3083 animae?
249 3031 254 3095 Ι
273 3035 354 3082 etiam
374 3035 431 3084 uite
450 3046 476 3082 w
498 3030 508 3096 ΙΙ
532 3031 672 3082 tcuraA
694 3030 704 3097 ss
730 3036 762 3083 10
780 3034 919 3084 senatnA
943 3031 953 3098 ΙΙ
978 3036 1012 3084 14
1029 3038 1079 3083 aut

107 3101 165 3149 edd.
183 3097 194 3163 ΙΙ
216 3101 247 3149 16
266 3101 301 3150 ab
320 3099 377 3150 nllo
394 3102 526 3149 Liuineius
541 3097 546 3162 1
562 3095 653 3165 quam]
674 3100 745 3162 quod
762 3098 815 3165 Vl
838 3103 869 3151 17
888 3107 915 3152 et
933 3102 1079 3151 Puteanus:

107 3182 153 3217 om.
172 3168 199 3214 Π
221 3165 231 3231 ΙΙ
252 3169 285 3217 20
304 3168 454 3217 remoueris
470 3169 493 3215 Δ
510 3167 544 3214 W
560 3165 570 3232 ΙΙ
591 3168 624 3216 24
643 3181 768 3217 curemus
787 3181 811 3216 w
828 3165 838 3233 ΙΙ
859 3170 891 3219 27
909 3169 1028 3233 imperiti
1047 3183 1080 3218 ac

107 3232 187 3283 rudes
206 3236 281 3285 edet:
300 3234 437 3299 imperitia
455 3233 522 3297 (cia
541 3235 573 3298 Δ)
592 3234 691 3284 orodes
710 3236 733 3283 Δ
749 3237 772 3283 V
789 3236 930 3300 imperitia
949 3236 1018 3299 (eia
1034 3234 1079 3297 W)

106 3300 188 3351 rudes
206 3302 269 3350 GW
286 3301 433 3365 imperitia,
452 3318 498 3352 om.
517 3302 607 3362 rudes,
624 3303 645 3350 B
667 3299 677 3366 ΙΙ
698 3305 731 3352 28
750 3303 915 3368 delegabant
928 3304 951 3351 A
968 3303 1081 3368 delige

105 3367 179 3423 Bere,
199 3368 339 3433 degebant
357 3370 379 3415 V
402 3367 412 3433 ΙΙ
442 3371 474 3422 29
492 3383 602 3422 suorum
619 3371 642 3417 Δ
659 3369 749 3420 Bora:
775 3386 825 3421 suo
842 3371 863 3417 B
881 3372 898 3434 β
917 3371 938 3419 V
956 3370 989 3417 W
1011 3368 1023 3434 ll
1046 3372 1078 3420 ³1

108 3437 230 3487 comedia
247 3438 270 3485 A

645 3506 666 3543 Ὗ

661 3550 670 3571 ἱ

636 3576 689 3731 ,l
