2294 3780
106 151 148 216 96
363 155 398 204 11.
434 153 489 203 GL.
510 151 718 202 MAMERTINI
736 152 816 202 Pau.

107 306 237 367 auctore
265 302 385 384 fecisti,
415 304 583 384 utrumque
611 301 860 385 pulcherrimum
882 305 939 366 est.
970 323 1073 385 neque

108 386 193 452 enirn
233 388 388 451 minorem
428 384 554 450 laudem
591 406 781 471 magnarum
818 407 923 450 rerum
955 386 1074 450 aemuli

107 491 202 556 quam
225 470 286 554 ipsi
308 473 469 534 merentur
491 472 647 534 auctores.
683 470 762 556 quin
787 471 900 551 imme,
929 471 1073 554 quamuis

108 556 282 638 optimum,
311 554 522 639 intemptatae
548 554 595 618 rei
624 554 791 619 consilium
818 555 966 620 fortunae
989 576 1075 620 eom-

80 640 260 721 emittitur3
294 638 444 703 iteratum
477 660 553 703 uero
585 639 670 703 idem
701 642 796 723 atque
828 640 996 723 repetitum
1032 639 1074 704 ad

110 723 188 787 certi
199 722 456 810 iudiciigloriam
471 723 622 806 pertinet.
652 722 785 806 ideoque
796 723 858 788 hoc
869 745 956 788 nune
967 724 1073 807 ambo,

108 808 322 871 sacratissime
344 808 532 892 imperator,
555 807 627 890 ipso
654 807 730 872 estis
757 806 905 892 Scipione
931 809 1074 892 potiores

107 892 191 975 quod
206 894 238 955 et
252 895 288 955 tu
307 891 495 956 Africanum
517 894 549 956 et
568 894 600 956 te
617 891 839 957 Diocletianus
854 893 997 957 imitatus
1013 897 1072 976 est.

164 974 221 1039 IX.
238 974 407 1060 Ingressus
422 979 471 1040 est
485 997 586 1060 nuper
606 976 661 1041 ille
681 998 752 1040 eam
773 998 854 1060 quae
877 975 1009 1041 Raetiae
1025 980 1076 1041 est

70 1080 95 1120 10
108 1058 233 1124 obiecta
261 1060 468 1124 Germaniam
494 1060 652 1145 similique
680 1061 800 1125 uirtute
828 1060 1009 1126 Romanum
1036 1060 1074 1124 li-

106 1142 219 1208 mitem
245 1144 380 1209 uictoria
407 1144 554 1228 protulit:
582 1145 660 1209 adeo
688 1146 814 1209 numini
842 1145 928 1209 illius
952 1145 1074 1229 simpli·

109 1228 188 1313 citer
210 1232 434 1314 amanterque,
461 1227 611 1313 quioquid
633 1250 690 1313 pro
712 1229 800 1294 hisce
821 1230 916 1294 terris
939 1229 1071 1314 feceras,

36 1334 40 1343 ·
107 1312 260 1397 retulisti,
285 1335 357 1381 cum
377 1335 416 1378 ex
437 1313 563 1378 diuersa
588 1313 674 1378 orbis
700 1317 792 1397 parte
818 1317 969 1378 coeuntes
990 1314 1074 1377 inui-

108 1400 176 1462 ctae
191 1399 339 1464 dexteras
354 1397 551 1481 contulistis3
573 1397 652 1462 adeo
666 1398 766 1462 fidum
780 1397 860 1461 illud
874 1399 936 1462 fuit
958 1397 1074 1463 frater·

70 1500 94 1540 1⁵
107 1503 246 1565 numque
275 1483 446 1566 eloquium.
488 1483 523 1546 in
546 1504 607 1566 quo
634 1481 726 1546 uobis
748 1485 858 1546 mutua
879 1481 1073 1566 praebuistis

109 1566 252 1628 omnium
274 1566 418 1649 exempla
440 1567 595 1630 uirtutum
617 1570 712 1650 etque
734 1565 873 1631 inuicem
894 1588 963 1648 uos,
988 1566 1073 1651 quod

107 1647 175 1713 fieri
208 1649 272 1712 iam
305 1670 398 1732 posse
431 1670 496 1713 non
527 1649 709 1732 uidebatur,
744 1651 896 1735 auxistis,
930 1652 985 1715 ille
1013 1651 1075 1715 tibi

107 1732 304 1796 ostendendo
327 1734 411 1797 dona
433 1733 576 1817 Persica,
605 1736 641 1798 tu
667 1733 715 1799 illi
743 1734 847 1818 spolia
870 1735 1072 1800 Germanica.

107 1815 163 1879 sed
184 1837 287 1899 neque
309 1816 401 1881 illum
423 1817 559 1882 uirtutes
586 1819 660 1883 tuae
682 1819 815 1884 bellicae
837 1841 859 1885 u
880 1819 1074 1885 liberalitate

69 1919 205 1981 maeque
232 1906 261 1964 te
289 1900 374 1965 illius
415 1921 491 1985 opes
519 1923 537 1966 a
565 1902 681 1967 bellica
713 1903 832 1968 uirtute
866 1907 1074 1969 reuocaruntt

109 1983 202 2047 ambo
230 2005 317 2049 nune
345 1985 422 2050 estis
449 1985 496 2048 lar
523 1986 637 2070 ssimi,
668 1987 761 2051 ambo
788 1987 956 2052 fortissimi
978 1991 1074 2073 atque

108 2066 169 2131 hae
196 2067 267 2151 ipsa
294 2071 394 2134 uestri
427 2070 500 2134 simi
513 2069 635 2136 itudine
666 2073 770 2170 magis
803 2073 967 2158 magisque
1000 2094 1074 2137 con·

109 2151 218 2216 cordes
248 2157 295 2238 et,
330 2153 414 2238 quod
442 2154 531 2218 omni
559 2157 840 2240 consangumitate
867 2157 983 2220 certius
1012 2160 1072 2241 est,

107 2236 281 2302 uirtutibus
300 2238 428 2303 fratres.
459 2239 505 2304 sie
529 2240 567 2304 fit
588 2243 624 2304 ut
644 2241 734 2304 uobis
755 2243 883 2305 tantum
903 2241 1074 2326 imperium

69 2320 178 2386 usine
208 2323 274 2387 ulla
310 2324 523 2389 aemulatione
559 2345 725 2390 commune
762 2327 805 2390 sit
837 2347 940 2410 neque
971 2325 1074 2390 ullum

106 2405 192 2469 inter
219 2428 277 2471 uos
304 2408 474 2473 discrimen
510 2430 578 2474 esse
610 2410 794 2494 patiamini,
829 2410 884 2474 sed
910 2408 1007 2494 plane
1037 2413 1074 2475 ut

107 2490 228 2573 gemini
249 2490 297 2553 illi
317 2512 409 2576 reges
425 2492 671 2557 Lacedaemonis
687 2493 878 2559 Heraclidae
899 2515 967 2559 rem
991 2494 1073 2558 ubli·

108 2591 177 2635 cam
191 2574 262 2654 pari
277 2578 362 2638 sorte
377 2575 538 2640 teneatis·
555 2596 746 2661 quamquam
767 2577 829 2643 hoc
850 2599 907 2642 uos
922 2516 1073 2644 meliores

155 2864 160 2874 .
175 2793 338 2874 lutrimque
351 2796 384 2843 W
400 2792 410 2860 ΙΙ
427 2798 443 2845 4
456 2796 607 2876 incomptae
619 2797 641 2845 Δ
653 2796 739 2861 Bert,
752 2800 860 2850 intente
871 2807 930 2850 cett.
948 2797 958 2865 l
977 2801 991 2849 6
1004 2799 1074 2850 certi

106 2862 388 2979 {malleati-'²⁸35
410 2860 693 2996 laetatam&
710 2867 735 2983 ‘i
755 2863 775 2982 ¹¹0
792 2867 1073 2994 tutatuta:

107 2996 176 3046 sime
194 2995 232 3045 bie
250 3011 309 3058 cap.
327 2997 347 3045 I
357 2999 433 3062 plene
454 2999 578 3063 scriptum
598 2999 689 3050 obtine
709 3001 768 3064 sere
790 3002 952 3052 abbreviatur
972 3017 1027 3052 sac.
1046 3004 1074 3054 ia

108 3061 135 3110 Ι
147 3059 157 3127 l
170 3064 186 3112 9
198 3061 245 3112 ille
259 3078 319 3113 eam
329 3066 437 3129 scripsi:
451 3064 525 3115 illam
534 3066 561 3115 1
575 3063 583 3132 ll
598 3068 630 3116 10
643 3068 808 3132 germaniae
822 3068 828 3132 Ι
843 3068 918 3119 ultra
930 3084 1074 3122 romanum

67 3179 72 3186 ,
107 3141 132 3178 v
196 3131 225 3179 11
243 3131 389 3181 uictoriam
401 3132 424 3181 Δ
437 3132 458 3179 V
469 3133 502 3181 W
524 3130 535 3199 l
560 3137 591 3184 12
607 3133 683 3184 bisce
700 3138 780 3186 terris
796 3135 942 3188 Liuineius:
959 3136 1003 3188 hie
1020 3137 1074 3204 (uel

106 3196 160 3246 hile
189 3197 288 3247 ceteris
299 3200 326 3246 Π
347 3195 357 3264 ΙΙ
381 3201 413 3250 14
425 3197 469 3250 fid.
483 3201 688 3268 fraternumque
702 3202 755 3252 fuit
766 3202 836 3253 illud
848 3205 928 3254 ΒΗ
946 3204 951 3269 Ι
970 3204 1075 3256 frater-

106 3277 170 3313 num
184 3265 217 3312 W
233 3261 241 3330 ll
263 3266 295 3314 15
315 3265 453 3330 eloquium
487 3268 646 3335 obsequium
665 3269 697 3318 W
714 3267 880 3335 colloquium
898 3286 915 3338 ς
935 3269 938 3336 Ι
958 3272 1073 3323 nobisc

108 3325 121 3397 ll
143 3332 173 3381 19
192 3345 209 3381 a
227 3333 287 3382 add.
300 3346 337 3382 w:
356 3349 402 3384 om.
415 3334 442 3381 Π
486 3335 520 3386 20
537 3350 626 3401 neque
638 3341 666 3387 te
678 3338 787 3402 accipet:
805 3353 852 3388 om.
864 3339 893 3387 1
905 3354 994 3405 neque
1004 3342 1073 3404 edd„

107 3414 171 3464 quae
190 3403 218 3449 te
234 3401 413 3464 postulante
430 3403 536 3458 adrium.
558 3417 611 3454 nec
630 3401 704 3454 illius
723 3419 789 3469 opes
806 3409 834 3455 te
852 3418 877 3453 w
894 3404 905 3472 fl
923 3409 955 3457 21
975 3406 1070 3475 atque]

107 3465 143 3517 ab
162 3468 179 3518 0
201 3463 210 3532 ΙΙ
233 3468 265 3517 22
284 3472 378 3519 uestra
396 3481 421 3518 v
438 3465 449 3534 l
466 3470 498 3520 27
517 3470 743 3522 Lacedaemones
760 3471 797 3537 1,
816 3488 884 3524 corr.
903 3475 1034 3525 Liuineius
