2294 3780
263 170 276 191 ·
380 152 542 204 TRAIANO
562 154 594 205 D.
628 155 739 205 85-86.
1002 153 1043 216 81

73 321 200 365 amares
222 320 295 366 eum
321 299 478 366 desiderio
507 304 656 385 expertus
685 324 729 386 es,
758 302 929 367 distractus
952 323 1042 387 sepa·

72 388 240 483 ratusque,
274 385 349 449 dum
376 386 462 451 cedis
490 388 523 450 et
549 385 698 451 uinceris.
739 387 799 471 ita,
834 385 919 471 quod
945 387 1043 452 fando

72 470 253 535 inauditum
286 490 356 534 cum
377 470 525 554 princeps
547 473 580 534 et
601 471 704 553 princi
727 471 755 535 is
777 472 897 535 amicus
917 469 1043 537 diuersa

72 553 210 638 uelletis,
231 519 265 617 id
285 555 391 638 potins
418 554 539 618 factum
567 558 616 618 est
643 493 727 639 quod
755 556 874 621 amicus
903 556 1041 621 uolebat.

71 659 92 703 o
114 657 182 702 rem
202 638 375 703 memoriae
394 638 571 722 litterisque
592 639 824 704 mandandam!
846 640 1069 724 praefectuma

73 723 236 806 praetorio
257 744 324 786 non
346 744 385 787 ex
407 723 629 808 ingerentibus
651 744 695 807 se,
718 724 773 788 sed
795 745 833 789 ex
855 724 1043 789 subtraben-

73 807 160 871 tibus
180 805 287 892 legere
307 807 505 892 eundemque
535 808 601 872 otio
624 808 707 891 quod
731 809 939 892 pertinaciter
960 813 1045 874 amet

72 891 216 975 reddere,
240 912 374 976 cumque
389 892 433 956 sis
447 893 517 976 ipse
537 891 695 956 distentus
714 893 841 976 imperii
862 893 955 976 curis,
978 914 1046 958 non

73 975 191 1060 quietis
212 977 349 1060 gratiam
372 976 517 1060 cuiquam
538 975 691 1041 inuidere.
722 977 949 1063 intellegimus,
967 977 1044 1043 an

72 1060 426 1210 {sanititati
456 1060 714 1210 11111111
740 1061 1082 1230 flatilis?

72 1228 200 1326 optima
221 1232 254 1293 et
274 1233 404 1314 petatur
422 1195 457 1292 bt
479 1228 580 1293 detur.
616 1250 711 1312 quam
733 1250 793 1314 ego
815 1231 910 1293 audio
933 1229 1043 1293 confu-

73 1333 200 1377 slonem
213 1316 304 1378 tuam
317 1313 427 1396 fuisse,
451 1334 523 1377 cum
544 1312 778 1398 digredientem
793 1313 1042 1398 prosequereris!

72 1399 264 1482 prosecutus
287 1419 320 1462 es
343 1397 429 1461 enim
455 1418 517 1462 nec
544 1397 732 1481 temperasti
760 1397 820 1462 tibi
849 1419 910 1482 quo
937 1397 1043 1464 minus

71 1481 205 1545 exeunti
232 1481 267 1546 in
294 1482 387 1546 litore
421 1482 601 1565 amplexus,
638 1481 780 1547 osculum
808 1481 917 1547 ferrea.
954 1481 1082 1547 stetitrs

73 1563 195 1631 Caesar
215 1566 251 1629 in
273 1566 329 1630 illa
355 1565 514 1631 amicitiae
541 1566 687 1650 specula,
716 1567 807 1631 stetit
834 1570 1043 1652 precatusque

73 1652 125 1714 est
146 1650 278 1714 abeunti
305 1671 406 1735 prona
426 1650 529 1715 maria
552 1650 763 1748 celeremque,
793 1652 820 1715 si
841 1654 952 1716 tamen
974 1652 1044 1734 ipse

72 1733 243 1818 uoluisset,
276 1756 440 1800 recursum
473 1756 533 1799 nec
568 1737 722 1800 sustinurt
747 1737 949 1802 recedentem
977 1756 1044 1800 non

73 1818 174 1883 etiam
196 1822 290 1903 atque
312 1819 410 1884 etiam
431 1819 527 1904 notia,
551 1820 690 1885 lacrimis
713 1822 812 1905 sequi.
848 1842 923 1885 nam
945 1820 985 1884 de
1007 1820 1043 1884 li-

74 1903 244 1967 beralitate
275 1906 376 1968 taceo.
423 1904 537 1988 quibas
574 1905 659 1968 enim
696 1905 879 1970 muneribus
914 1904 1043 1990 aequari
1056 1923 1082 1964 ao

74 1986 156 2052 baec
178 2008 254 2051 cura
298 1988 380 2051 rinei
403 1988 440 2072 is,
462 1987 541 2052 haec
569 1990 727 2073 patientia
753 1993 866 2074 potest,
896 2011 958 2073 qua
979 2009 1043 2051 me-

73 2071 169 2168 rqisti
201 2075 238 2135 ut
269 2009 324 2137 ille
357 2010 419 2136 sibi
450 2072 587 2137 nimium
621 2073 714 2138 fortis
749 2095 787 2138 ac
818 2094 914 2156 prope
948 2072 1044 2134 durus

75 2155 260 2221 mderetur‘?
297 2177 357 2221 nec
389 2155 500 2220 dubito
536 2157 615 2241 quin
647 2157 822 2242 agitauerit
856 2177 965 2220 secum
1001 2175 1045 2217 an

73 2240 295 2337 gubernacula
315 2243 525 2324 retorqueret,
548 2244 581 2304 et
601 2240 740 2322 fecisset,
763 2240 826 2303 nisi
842 2239 926 2335 quod
941 2258 1045 2324 paene

74 2347 87 2387 1
111 2345 148 2389 so
170 2324 380 2389 contubernio
402 2324 556 2409 principis
583 2323 708 2387 felicius
736 2323 967 2406 iucund1usque
994 2325 1083 2385 estas

98 2408 258 2473 esiderare
286 2409 465 2493 principem
491 2408 733 2472 desiderantem.
774 2410 807 2471 et
832 2406 887 2470 ille
917 2405 1045 2489 quidem

73 2496 113 2556 ut
133 2493 401 2577 maximofructu
420 2493 560 2577 suscepti
580 2492 627 2557 ita
647 2493 767 2557 maiore
788 2491 925 2576 depositi
945 2489 1044 2556 officii

74 2576 181 2662 gloria
202 2577 327 2661 fruitur,
350 2580 385 2641 tu
408 2580 513 2643 autem
534 2577 692 2642 facilitate
712 2578 776 2642 ista
799 2579 988 2642 consecutus
1011 2597 1045 2640 es

74 2683 118 2726 ne
140 2683 235 2746 quem
256 2663 394 2727 retinere
416 2662 554 2726 uideatis
576 2661 724 2726 inuitum.

84 2769 279 2777 ——-—-.—..-

146 2803 162 2852 3
180 2801 334 2850 inauditum
352 2805 397 2850 est
419 2798 491 2865 quod
514 2815 574 2850 cum
591 2802 615 2849 Β
639 2798 643 2864 Ι
666 2794 814 2864 principia]
843 2799 982 2865 principes
1000 2800 1024 2847 Β
1036 2797 1044 2863 ᾖ

75 2870 93 2918 4
111 2871 217 2917 tactum
238 2871 282 2918 est
297 2869 320 2916 Β
336 2865 376 2933 lib
394 2882 410 2918 o
428 2873 453 2917 er
472 2881 523 2934 que
540 2883 587 2917 om.
605 2869 628 2916 Β
644 2864 655 2932 fl
671 2867 687 2915 6
705 2867 845 2930 praetorio
857 2867 894 2914 B:
913 2866 1045 2931 praetorii

76 2932 214 2999 liseB:
238 2933 450 3000 omAEiexR:
475 2936 536 2984 eli
559 2933 569 2999 fl
593 2933 700 3000 'lquod
718 2935 752 2981 R:
778 2935 903 2996 queml
925 2929 936 2998 l
959 2933 1043 2983 Sim·

76 3002 148 3068 perii
161 3000 284 3071 curia]in
298 3002 461 3067 periculisB
474 3000 477 3065 f
489 3017 543 3051 non
558 3001 661 3066 quietis
676 3001 742 3051 diali
755 2998 765 3065 ΙΙ
780 3002 925 3066 agrariam
935 3002 1045 3065 scripsi:

76 3069 194 3135 gloriam
207 3070 243 3130 Ι,
259 3072 333 3121 etita
345 3070 386 3120 uel
397 3068 532 3134 gloriarm
545 3071 568 3118 Β
580 3067 583 3135 i
602 3071 634 3119 10
645 3073 672 3118 et
684 3085 731 3119 om.
745 3070 767 3116 Β
778 3066 787 3132 ll
800 3070 831 3117 11
842 3069 1043 3118 exercitatione

75 3150 102 3186 v
119 3138 139 3185 Β
164 3134 175 3202 fl
200 3140 232 3187 14
250 3153 280 3189 ea
296 3140 320 3187 Β
339 3139 364 3187 ia
382 3153 452 3188 rua:
476 3153 521 3190 om.
540 3138 567 3185 Β
610 3137 770 3201 temperasti
787 3137 822 3184 R:
851 3140 879 3186 te
899 3137 1044 3201 imperasti

76 3202 125 3270 ΙΙΙ
138 3207 169 3255 15
182 3206 210 3254 in
228 3204 309 3258 litore
328 3204 470 3269 amplexus
488 3206 517 3253 in
536 3203 615 3254 litore
633 3202 756 3254 osculum
768 3205 792 3252 Β
804 3199 812 3271 ll
826 3204 857 3252 16
876 3203 993 3254 amioiae
1002 3205 1025 3252 Β
1039 3200 1043 3268 i

78 3273 158 3323 stetit
180 3275 287 3323 attenua
309 3273 530 3335 om.1,add.B
552 3269 563 3336 ΙΙ
592 3274 623 3322 17
642 3275 686 3322 eat
703 3271 819 3321 abeunti
838 3286 924 3336 prona
942 3271 1044 3333 om.1,

77 3341 140 3394 add
158 3340 182 3389 Β
204 3337 215 3406 Ι
240 3342 272 3391 19
290 3345 375 3408 atque
389 3376 417 3394 ..
436 3340 510 3389 uotis
532 3345 560 3389 et
584 3339 708 3390 lacrimis
731 3339 753 3387 Β
776 3336 787 3404 ῃ
815 3341 848 3389 23
870 3338 981 3389 uidetur
997 3338 1020 3385 Β
1036 3335 1047 3402 ΙΙ

76 3408 112 3458 24
130 3407 202 3474 qnod
218 3408 242 3457 Β
252 3408 274 3456 Β
286 3411 309 3458 V
321 3422 359 3458 w:
383 3422 435 3472 qno
454 3408 472 3455 0
485 3405 489 3470 Ι
504 3405 602 3474 paene]
628 3421 698 3456 nene
716 3406 739 3453 Β
757 3406 827 3456 bene
845 3406 866 3454 Β
877 3403 886 3471 ἣ
903 3406 935 3454 26
953 3407 981 3454 et
999 3402 1047 3455 ille

78 3477 127 3542 qui
144 3476 238 3527 desinit
254 3476 278 3525 Β
301 3474 313 3542 l
336 3478 368 3528 2⁸1
387 3476 480 3526 fructu
497 3489 525 3542 ςι
546 3475 655 3526 fruetus
671 3474 699 3521 Β

123 3557 211 3602 Praxo.
224 3558 283 3601 Lar.
878 3556 898 3606 b
