2294 3780
249 116 504 172 ccusraurnio
522 118 691 171 aucusro
710 121 745 170 n.
767 123 874 172 13—15.
986 119 1045 184 111

76 267 269 351 praesertim
291 289 363 332 cum
386 289 457 333 eum
480 269 535 351 qui
549 268 609 332 tibi
632 290 671 333 ex
686 269 784 333 tantis
803 268 965 333 beneficiis
981 269 1045 334 tuis

76 356 112 416 et
132 355 227 416 tanto
249 351 521 417 necessitudinum
541 352 632 418 fonte
654 354 801 438 ingratus
828 354 970 417 extiterit
992 354 1045 416 ad-

77 436 141 501 huc
164 436 384 520 contemplatu
397 436 444 500 tui
467 458 621 520 cogamur
639 438 785 522 quamuis
800 437 873 503 irati
895 439 1045 502 reuereri.

76 520 156 606 quid
169 520 290 587 faciam
304 522 404 607 igitur
425 524 462 584 ut
475 524 544 585 tam
561 520 723 605 profunda
743 522 876 586 uulnera
891 543 1047 606 suspensa

75 626 179 670 manu
205 605 366 671 tractem?
410 606 569 690 usurpabo
598 607 749 671 nimirum
777 606 833 671 illa
866 607 1071 672 communias

77 690 223 755 omnium
251 690 431 755 facinorum
452 690 648 775 patrocinia,
676 713 757 774 quae
778 695 887 756 tamen
908 693 1046 776 plerum-

77 794 141 859 que
162 774 259 839 etiarn
282 797 302 838 a
321 775 521 858 sapientibus
543 780 737 855 asseruntur,
766 776 927 840 neminem
947 776 1047 840 homi·

77 879 155 923 nem
170 879 303 943 peccare
318 860 382 924 nisi
397 859 465 923 fato
488 862 521 923 ct
535 859 606 943 ipsa
621 859 742 925 scelera
759 861 942 925 mortalium
957 864 1047 925 actus

77 963 150 1007 esse
178 944 341 1027 fortunae,
377 947 490 1008 contra
520 947 628 1008 autem
657 945 784 1009 deorum
817 967 950 1009 munera
978 965 1046 1009 esse

77 1027 226 1093 uirtutes.
255 1029 429 1113 gratidare,
450 1026 671 1112 Constantine,
696 1032 827 1094 naturae
848 1051 885 1094 ac
904 1029 1046 1093 moribus
1061 1048 1085 1086 10

77 1112 145 1176 tuis
167 1111 253 1196 quod
274 1116 307 1177 te
329 1112 426 1177 talem
442 1110 652 1178 Constantius
669 1113 745 1177 Pius
767 1113 926 1198 genuerit,
949 1113 1046 1178 talem

77 1195 219 1261 siderum
234 1197 362 1262 decreta
376 1196 547 1262 formarint
565 1201 603 1262 ut
618 1197 753 1263 crudelis
769 1219 838 1262 esse
852 1218 918 1261 non
933 1199 1046 1281 possis.

78 1280 173 1345 illum
201 1284 308 1346 autem
338 1282 433 1365 [non]
465 1281 571 1362 credo,
602 1304 673 1347 cum
701 1285 854 1346 uenturus
882 1281 917 1345 in
944 1281 1047 1344 iucem

76 1365 244 1463 optionem
266 1366 352 1430 tritae
374 1387 437 1449 qua
459 1368 602 1430 uteretur
621 1365 788 1449 acciperet,
811 1367 928 1430 sortem
942 1365 1047 1428 incur-

77 1471 162 1514 risse
183 1448 368 1535 fugiendam
394 1472 474 1535 quae
497 1450 606 1514 multis
628 1449 813 1514 hominibus
839 1450 993 1514 iniustum
1016 1452 1086 1512 et1⁵

77 1537 243 1618 postremo
264 1534 329 1618 ipsi
350 1535 567 1600 uoluntarium
588 1534 688 1600 ferret
709 1535 851 1599 exitium.
895 1537 933 1598 ut
961 1533 1048 1598 enim

78 1617 146 1683 alia
172 1620 315 1702 mittam,
345 1617 408 1684 hoc
429 1620 535 1766 ilpsum
562 1641 670 1685 nonne
692 1619 752 1684 fati
774 1619 949 1684 necessitas
972 1617 1048 1681 tulit

78 1706 118 1767 ut
139 1701 193 1766 ille
237 1703 327 1767 ietati
341 1706 416 1767 tuae
462 1725 523 1768 unc
544 1705 680 1769 referret
696 1704 809 1785 uicem,
832 1725 926 1788 quem
949 1706 984 1766 tu
1006 1701 1047 1765 ab

78 1787 160 1851 urbe
181 1725 319 1872 pnicum,
343 1788 383 1851 ab
397 1786 493 1852 Italia
515 1788 669 1872 fugatum,
694 1788 733 1853 ab
749 1788 879 1871 Illyrico
902 1785 1048 1870 repudia-

78 1876 151 1936 tum
165 1873 230 1936 tuis
244 1873 428 1956 prouinciis,
449 1873 512 1936 tuis
531 1874 641 1956 copiis,
662 1878 717 1938 tuo
731 1872 853 1956 palatio
873 1870 1046 1955 recepisti?
1061 1890 1086 1930 so

144 1955 218 2020 XV.
263 1956 360 2041 Quid,
383 1978 454 2038 oro,
478 1957 538 2021 sibi
560 1958 685 2022 uoluit?
720 1957 796 2040 quid
818 1957 962 2041 optauit?
996 1956 1049 2020 uel

79 2040 158 2124 quid
181 2041 317 2124 amplius
340 2041 569 2124 adipisceretur
583 2041 634 2105 his
657 2063 737 2126 quae
759 2045 824 2105 ate
845 2042 951 2104 fuerat
974 2061 1048 2103 con·

80 2124 234 2189 secutus?
264 2126 314 2190 cui
336 2128 372 2189 tu
393 2148 517 2190 sumina
539 2129 572 2190 et
593 2125 810 2190 diuersissima
824 2124 920 2206 bona,
943 2125 1048 2206 priua-

80 2211 152 2274 tum
175 2209 276 2273 otium
300 2213 333 2275 et
353 2211 459 2295 regias
482 2231 574 2293 opes,
605 2208 752 2290 dederas,
782 2208 833 2272 cui
855 2206 1048 2292 digredienti

79 2294 204 2358 aulicos
225 2294 330 2358 mulos
353 2298 386 2359 et
406 2294 534 2377 raedas,
564 2294 615 2359 cui
636 2292 811 2377 impensius
834 2291 930 2355 etiam
953 2311 1048 2374 quam
1061 2307 1087 2347 as

80 2378 142 2442 tibi
176 2399 341 2443 occurrere
375 2378 526 2464 obsequia
559 2380 671 2442 nostra
698 2375 923 2458 mandaueras,
958 2374 1048 2438 cuius

81 2461 233 2527 omnibus
262 2463 357 2527 iussis
390 2464 435 2527 sic
463 2466 620 2527 statueras
652 2459 801 2527 oboedire
829 2463 866 2524 ut
890 2480 987 2544 penes
1016 2461 1049 2522 te

81 2545 224 2630 habitus,
248 2568 346 2630 penes
369 2547 460 2612 illum
474 2550 616 2631 potestas
638 2549 722 2611 esset
737 2545 873 2629 imperii.
902 2545 1049 2627 quisnam

83 2630 139 2696 ille
166 2634 278 2696 tantus
299 2632 362 2696 fuit
390 2653 456 2696 uon
485 2633 579 2696 ardor
600 2631 762 2715 potentiae
792 2629 881 2716 (quid
909 2629 994 2693 enim
1016 2631 1049 2692 te

152 2840 167 2888 2
188 2837 265 2889 fonte
282 2852 320 2887 w:
345 2838 404 2889 fore
422 2838 449 2885 11
470 2837 563 2888 fauore
582 2839 697 2901 Lanpius
728 2834 733 2900 Ι
766 2836 890 2885 extiterit
908 2835 925 2881 0
943 2847 980 2880 w:
1005 2848 1049 2882 ex-

81 2905 178 2956 isterit
193 2908 222 2954 1
250 2904 260 2971 ii
290 2910 306 2958 3
329 2905 515 2970 contemplatu
538 2905 580 2955 tui
601 2907 698 2970 scripsi
713 2906 730 2954 i.
748 2904 780 2953 I.:
808 2900 1006 2965 contemplatui
1023 2900 1050 2947 11

86 2974 268 3039 contemplari
286 2988 310 3022 w
333 2973 337 3034 Ι
355 2988 486 3038 cogamur
503 2973 632 3037 Lonpius:
651 2975 734 3037 cogat
752 2976 783 3020 ut
800 2971 827 3018 1
845 2974 850 3031 i
870 2969 948 3034 quasi
966 2968 1007 3017 ira
1026 2981 1050 3015 w

84 3038 90 3105 Ι
115 3042 241 3091 reuereri
257 3043 366 3106 scripsi:
384 3045 509 3091 reuereat
527 3040 554 3087 11
573 3040 712 3090 referueat
730 3052 754 3086 w
783 3035 793 3102 ΙΙ
823 3040 838 3087 9
857 3051 970 3086 munera
989 3051 1050 3086 esse

82 3107 221 3159 uirtulare
240 3106 421 3159 Constantine
438 3109 462 3156 Δ
480 3114 504 3158 ct
521 3108 554 3154 W
573 3124 626 3157 cum
642 3112 714 3172 cipro
731 3107 893 3168 corruptelae
915 3101 925 3168 ii
948 3106 979 3154 10
997 3104 1051 3153 uir·

83 3179 172 3225 tutem
190 3177 211 3224 B
229 3179 247 3225 0
266 3177 296 3238 V,
314 3179 422 3226 correxi
437 3175 447 3240 ΙΙ
466 3177 496 3224 12
514 3175 665 3225 formarunt
681 3174 718 3235 1,
735 3190 804 3226 corr.
823 3186 847 3220 w
860 3170 869 3237 ΙΙ
889 3175 919 3222 13
937 3186 993 3220 non
1010 3187 1051 3221 se·

82 3244 159 3294 clusit
177 3245 311 3295 Acidaliae
323 3241 333 3308 [Ι
348 3245 378 3295 17
397 3238 463 3307 alia]
483 3241 532 3291 illa
546 3244 563 3291 0
575 3239 586 3307 ΙΙ
598 3244 631 3292 20
649 3236 751 3306 recep]
771 3241 869 3306 cepisti
886 3240 908 3287 Δ
921 3240 938 3286 0
952 3238 984 3287 W
996 3235 1006 3302 ΙΙ
1019 3241 1050 3287 21

82 3309 130 3360 uel
148 3312 351 3372 coripienti!
369 3308 562 3374 succidiae
582 3305 639 3375 caii
660 3309 714 3372 Qui
730 3310 753 3357 Δ
770 3315 796 3358 et
812 3309 845 3355 W
863 3324 893 3356 m.
911 3309 925 3354 1
944 3306 1009 3370 quin
1026 3318 1051 3354 w

82 3374 93 3443 i
110 3379 144 3429 25
163 3377 271 3431 aulicos
288 3378 377 3429 mulos
394 3380 490 3442 scripsi
499 3380 515 3427 i.
528 3380 545 3426 l.
555 3393 583 3442 p.
600 3379 665 3426 219:
683 3377 717 3426 ad
731 3374 828 3426 anulos
841 3376 870 3422 u
887 3372 924 3422 ad
940 3375 1030 3421 deis
1046 3370 1067 3430 χ

82 3449 112 3496 et
130 3445 212 3498 redas
230 3449 337 3512 scripsi:
356 3445 466 3497 sederas
485 3445 510 3495 Ι
528 3443 646 3497 dederas
662 3457 701 3509 w,
719 3445 780 3497 oiim
796 3445 816 3493 1.
833 3444 856 3493 i.
873 3440 963 3490 delent
