2294 3780
70 155 95 204 X
442 152 660 203 PRAEFATIO.

70 310 168 386 prima
189 325 283 365 manu
306 306 505 366 crassioribus
528 304 667 366 ductibus
690 307 810 367 dinosci
825 315 955 386 possunt
977 303 1037 385 (ra-

70 394 133 450 rius
158 393 240 452 enim
262 407 325 451 aw
346 392 398 450 uel
418 392 452 449 in
470 392 608 469 margine
632 391 683 451 uel
697 410 790 470 super
805 391 889 452 linea
911 390 1037 451 additae

70 486 143 535 sunt
165 496 255 536 uoces
278 471 470 553 litterasue),
500 483 603 534 tamen
632 475 800 553 aliquando
828 475 941 534 fallunt
968 494 1037 534 ocu-

69 562 170 620 lorum
199 561 309 632 aciem,
340 568 374 618 ut
403 561 456 638 qui
482 567 554 637 post
581 560 656 631 me,'
680 560 728 618 cui
756 580 864 638 parum
891 560 1038 638 temporis

70 646 141 704 huic
163 644 240 702 libro
263 643 443 723 impendere
464 643 565 716 licuit,
589 645 699 703 iterum
721 643 760 704 W
782 645 923 704 conferet
944 646 1038 703 inter-

72 729 145 788 dum
166 728 296 788 fortasse
318 729 436 807 primae
459 729 564 787 manui
587 726 651 805 (W)
679 727 859 788 attributum
881 750 899 788 a
921 747 969 788 me
992 729 1043 787 in··

71 821 220 873 uenturus
243 813 297 886 sit,
322 813 406 890 quod
429 813 592 872 correctori
615 810 669 889 (w)
693 813 819 871 attribui
841 811 957 872 debuit.
1003 832 1039 871 ea

71 917 145 957 uero
167 899 288 956 ratione
315 897 643 956 incommemorandis
670 899 850 956 correcturis
877 915 949 956 usus
972 916 1040 955 sum

71 991 114 1054 ut,
137 982 322 1060 ubicumque
336 981 481 1040 traditam
503 982 536 1040 in
556 981 694 1040 omnibus
710 981 795 1040 libris
819 977 897 1060 [siue
919 980 985 1041 solo
1001 975 1038 1058 A]

72 1068 253 1144 scripturam
280 1074 433 1125 corrector
460 1066 634 1125 coniectura
663 1067 730 1124 siue
759 1074 842 1125 reeta
869 1067 936 1125 siue
961 1065 1040 1124 falsa

73 1150 263 1222 attrectauit,
286 1150 394 1209 sedulo
417 1148 610 1221 adnotarem,
635 1158 751 1209 ceteras
775 1169 880 1210 omnes
904 1158 934 1208 et
956 1168 1039 1208 rasu-

72 1254 122 1294 ras
151 1243 182 1294 et
211 1242 402 1293 correcturas
437 1233 561 1294 silentio
589 1235 876 1312 praetermitterem.
908 1264 951 1276 —-
984 1233 1040 1292 sed

73 1319 122 1379 fae
136 1318 176 1379 W
191 1319 345 1398 integrum
368 1319 546 1398 nullumque
568 1327 767 1378 correctorem
782 1338 906 1397 passum
928 1318 968 1376 ad
983 1337 1039 1376 nos

73 1404 271 1482 peruenisse:
295 1422 491 1483 nequaquam
512 1411 615 1464 tamen
637 1403 700 1476 ille,
724 1404 921 1481 quantumuis
936 1401 961 1460 B
978 1400 1041 1461 GV

72 1486 158 1545 libris
180 1489 290 1564 potior,
320 1486 360 1546 ad
383 1486 438 1546 has
462 1488 616 1546 orationes
643 1487 851 1547 recensendas
874 1487 957 1545 solus
980 1485 1041 1544 sui-

74 1572 189 1629 ficeret.
233 1572 414 1648 saepissime
443 1572 524 1629 enim
551 1572 584 1629 in
607 1570 646 1629 W
674 1591 735 1629 una
764 1589 831 1628 cum
852 1569 877 1628 B
900 1569 921 1629 0
942 1569 970 1627 V
990 1569 1041 1626 uel

74 1655 197 1732 singula
218 1654 271 1712 uel
293 1654 449 1732 complura
475 1652 623 1712 uocabula
647 1653 876 1726 desiderantur,
906 1672 985 1730 quae
1009 1654 1040 1710 in

76 1738 300 1817 exemplaribus
324 1737 414 1797 editis
437 1736 512 1797 inde
534 1758 552 1796 a
575 1736 764 1817 Ouspiniano
787 1738 1043 1797 circumferuntur

74 1841 177 1901 neque
192 1831 296 1881 tamen
318 1823 454 1881 uirorum
470 1821 624 1881 doctorum
648 1823 831 1881 coniecturis
853 1821 950 1880 inlata
973 1838 1041 1880 esse

75 1915 212 1985 possunt.
241 1907 345 1985 itaque
368 1926 435 1964 cnm
454 1906 671 1984 peruestigatis
694 1915 842 1984 quantum
863 1906 951 1985 potui
967 1904 1042 1965 Ger-

75 1991 197 2050 maniae
212 1989 386 2068 Italiaeque
400 1990 594 2050 bibliothecis
617 2009 691 2049 uere
715 1992 790 2048 anni
812 1990 978 2068 superioris
1001 1987 1041 2045 ad

75 2074 247 2154 parandam
260 2074 341 2134 hane
356 2074 523 2135 editionem
537 2073 723 2146 accederem,
742 2095 806 2133 non
821 2093 905 2134 eram
919 2074 1042 2132 nescius

76 2180 166 2239 quam
193 2177 288 2237 saepe
316 2157 411 2219 debili
439 2169 470 2218 et
497 2159 616 2217 infirmo
639 2157 843 2217 fundamento
871 2158 947 2216 haec
975 2176 1043 2216 mea

76 2245 245 2322 recognitio
268 2244 462 2303 inniteretur,

139 2327 268 2388 Praeter
288 2328 466 2388 Liuineium
488 2336 598 2400 autem,
626 2328 663 2387 de
687 2328 771 2386 ouius
794 2325 938 2385 subsidiis
960 2325 1043 2383 infra

77 2413 202 2470 uberius
224 2412 403 2490 exponendi
417 2414 502 2472 locus
518 2413 584 2484 erit,
608 2409 800 2490 plenioribus
820 2409 976 2470 codicibus
995 2410 1044 2467 usi

76 2504 148 2555 sunt
164 2494 225 2554 duo
249 2515 288 2554 ex
304 2496 457 2573 prioribus
479 2495 658 2566 editoribus,
683 2496 818 2554 Ioannes
835 2493 1043 2572 cuspinianus

78 2588 109 2639 et
135 2578 270 2639 Ioannes
299 2577 446 2638 Scheffer.
499 2586 529 2637 ot
558 2577 597 2638 dc
625 2579 710 2638 libris
741 2601 759 2637 a
785 2579 906 2638 Ioanne
934 2587 1043 2656 patruo

77 2662 224 2722 adhibitis
246 2664 324 2722 haec
350 2663 385 2720 in
406 2663 600 2741 praefatione
629 2663 774 2723 editionis
797 2661 988 2723 Uiennensis
1016 2681 1043 2721 a.

79 2748 162 2807 1513
185 2747 279 2807 tradit
303 2747 453 2825 Georgius
477 2745 700 2826 Cuspiuianus:
735 2748 819 2807 ‘nam
841 2755 965 2825 praeter
986 2745 1045 2804 hoc

77 2832 162 2910 quod
183 2832 279 2892 multa
301 2840 389 2892 erant
410 2851 571 2910 perperam
595 2834 628 2891 in
650 2833 697 2892 his
721 2831 955 2910 elegantissimis
978 2849 1043 2887 ora-

76 2916 213 2976 tionibus
241 2917 365 2976 inuersa
392 2936 429 2975 ac
451 2924 607 2995 corrupta,
638 2918 776 2994 integras
805 2916 895 2975 ctiam
924 2914 1043 2972 chartas

77 3000 131 3059 ille
153 3007 259 3059 noster
273 3020 386 3079 parens
408 3000 553 3079 repperit,
577 3001 610 3059 in
628 3000 845 3061 uetustissimis
867 2999 929 3057 suis
946 3016 1045 3056 exem-

78 3082 225 3163 plaribus,
250 3103 286 3144 ac
307 3085 462 3144 restituit?
493 3084 659 3145 dolendum
682 3093 785 3144 autem
808 3091 853 3143 est
875 3081 955 3141 nihil
970 3081 1046 3140 certi

79 3168 118 3227 de
142 3168 254 3228 chartis
276 3168 337 3229 illis
365 3171 495 3229 relatum
516 3187 619 3248 neque
641 3169 742 3228 uanas
771 3188 810 3227 cx
832 3166 875 3226 cis
897 3165 1045 3225 lectiones

79 3253 111 3312 in
134 3252 273 3331 margine
296 3254 459 3314 adnotatas
482 3271 561 3314 esse.
604 3253 678 3312 hinc
701 3253 783 3313 enim
803 3250 926 3310 Keilius
951 3246 1044 3329 [Plin.

79 3337 176 3417 praef.
205 3357 236 3416 p.
258 3337 352 3397 XLII
374 3333 432 3417 sq.]
462 3338 680 3398 additamentis
709 3338 743 3394 in
770 3335 836 3396 sola
859 3334 1046 3413 cuspiniani

80 3421 218 3482 editione
241 3422 428 3494 extantibus,
460 3424 576 3501 quippe
599 3441 678 3501 quae.
704 3439 743 3479 cx
765 3440 848 3480 mera
870 3419 1047 3478 coniectura
