2294 3780
279 131 493 182 THEODOSlO
513 128 684 181 AUGUSTO
702 131 738 181 D.
759 133 870 181 42-44.
995 130 1056 194 311

93 283 308 362 praetextum,
338 279 420 362 quod
443 279 536 343 aliter
558 302 625 343 non
647 279 806 364 potuisset
827 279 955 342 allicere
976 280 1058 342 mili-

92 368 162 427 tum
196 364 380 428 societatem
412 364 475 428 nisi
502 365 549 429 tui
583 385 617 428 se
652 363 884 430 auctoramenti
913 363 1060 428 finxisset

94 452 243 512 actorem.

157 531 272 597 XLIV.
325 532 371 597 Et
396 536 471 616 post
497 532 581 597 hane
608 536 644 597 tu
669 554 782 597 uocem
811 555 880 598 non
907 532 997 596 illum
1025 532 1061 595 in

94 639 220 682 crucem
235 617 316 699 tolli,
339 638 404 681 non
428 617 529 681 culleo
550 617 646 699 insui,
670 639 737 681 non
752 617 890 703 discerpi
907 619 941 681 in
956 616 1086 680 trustes

94 701 239 766 iussisti?
264 722 349 786 ‘non
376 705 537 786 postremo
563 700 652 764 illam
674 703 760 766 tenti
787 723 875 767 ream
902 700 1061 766 mendacii

94 788 239 870 linguam
261 786 413 850 radicitus
436 785 503 850 erui
525 786 715 869 praecepisti
745 808 947 852 cumeorum
970 789 1061 871 parte

93 871 256 954 uitalium,
285 891 419 954 quorum
440 871 548 935 fuerat
569 870 676 934 locuta
699 871 941 937 commentum?
984 871 1061 955 quin

94 957 157 1019 iam
189 976 338 1038 coeperas
366 954 405 1020 de
435 955 502 1019 eius
535 956 638 1019 morte
665 953 810 1019 dubitare
842 960 875 1021 et
903 957 1062 1021 deieceras

94 1040 203 1104 oculos
231 1043 265 1104 et
285 1039 410 1104 uultum
437 1039 551 1104 rubore
579 1038 754 1103 suffuderas
782 1042 814 1103 et
841 1062 913 1105 cum
941 1041 1101 1104 miseri-1⁰

96 1125 204 1189 cordia
232 1124 422 1207 loquebaris.
467 1124 523 1189 sed
550 1124 631 1188 bene
665 1126 714 1187 est
742 1123 826 1208 quod
859 1145 925 1188 non
952 1125 1062 1188 omnia

94 1214 196 1292 potes.
230 1210 279 1272 tui
300 1212 332 1272 te
355 1209 523 1273 uindicant
544 1212 576 1273 et
597 1208 747 1273 inuitum.
780 1209 904 1291 rapitur
925 1229 1001 1292 ergo
1024 1229 1064 1271 ex

95 1293 196 1358 oculis
224 1298 271 1375 et,
299 1314 341 1357 ne
368 1293 444 1377 quid
466 1296 575 1377 posset
602 1293 716 1358 elicere
744 1293 949 1373 clementiae,
979 1293 1065 1356 inter

96 1379 279 1442 innumeras
306 1399 420 1442 manus
448 1379 548 1443 fertur
576 1377 616 1442 ad
643 1380 788 1442 mortem.
834 1399 907 1443 ecoe
937 1377 1063 1454 iterum,

97 1464 284 1545 imperator,
313 1464 466 1527 auerteris
495 1466 527 1527 et
551 1462 642 1527 illam
664 1462 824 1545 tyrannici
852 1463 956 1526 exitus
983 1461 1063 1525 rela-
1077 1478 1102 1520 re

94 1547 218 1611 tionem
239 1547 397 1632 granaria.
425 1549 498 1631 iam,
521 1548 583 1612 iam
607 1549 675 1612 esto
698 1568 839 1612 securus.
869 1568 979 1631 geram
1003 1545 1064 1610 cle·

97 1631 237 1696 montiae
257 1635 331 1696 tuae
353 1653 489 1696 morem:
516 1631 600 1715 quod
622 1631 753 1695 noluisti
775 1631 897 1714 uidere,
921 1652 987 1695 non
1010 1651 1065 1694 au-

98 1715 174 1781 dies.
218 1716 295 1798 huc,
321 1715 383 1780 huc
405 1720 504 1800 totas,
530 1717 577 1800 pii
599 1721 705 1797 uates,
734 1716 900 1780 doctarum
921 1714 1065 1780 noctium

99 1799 241 1865 conferte
263 1822 365 1884 curas,
389 1799 450 1866 hoc
471 1801 619 1865 omnibus
642 1801 758 1866 litteris
781 1800 963 1886 linguisque
986 1799 1066 1865 cele·

98 1885 189 1949 brate
220 1906 279 1950 nec
312 1886 383 1951 sitis
415 1886 454 1950 de
486 1907 619 1971 operum
650 1889 830 1951 uestrorum
862 1887 1065 1970 perennitate
1078 1902 1104 1942 u

98 1969 237 2034 solliciti.
282 1970 339 2034 illa
366 1992 462 2055 quem
487 1973 650 2055 praestare
677 1969 820 2035 historiis
847 1970 998 2034 solebatis
1025 1969 1066 2033 ab

97 2054 234 2118 historia
269 2055 378 2118 ueniet
406 2056 589 2118 aeternitas.
638 2075 695 2118 uos
724 2074 849 2137 quoque
899 2053 992 2117 uibus
1020 2074 1067 2117 se·

100 2138 205 2202 cunda
226 2160 295 2202 sors
319 2138 415 2202 cessit
436 2138 513 2201 dare
534 2139 655 2202 famam
676 2136 785 2220 rebus,
815 2075 971 2221 ceruices,
999 2137 1068 2200 uul-

125 2231 179 2285 ata
212 2222 269 2285 illa
297 2225 442 2286 ueterum
468 2221 649 2287 fabularum
684 2224 876 2306 argumente
904 2220 1067 2305 despicite,

99 2244 275 2370 ilerculeos
308 2306 434 2371 labores
467 2309 500 2370 et
525 2306 654 2371 Indicos
681 2305 790 2371 Liberi
821 2304 1001 2389 triumphos
1035 2309 1106 2368 etse

98 2391 316 2474 anguipedum
342 2390 428 2455 bella
454 2394 679 2455 monstrorum.
722 2390 803 2455 haec
829 2390 953 2474 potius,
988 2389 1068 2453 haec

100 2480 193 2557 gesta
213 2475 358 2540 sollertes
385 2496 499 2540 manus
522 2477 655 2559 ducant3
687 2473 738 2539 his
760 2475 847 2557 fora,
875 2474 926 2538 his
948 2472 1069 2557 templa

100 2560 306 2642 decorentur3
343 2559 422 2625 haec
450 2560 545 2625 ebore
573 2559 760 2644 reddantur,
794 2559 873 2624 haec
900 2580 1068 2641 marmore,

100 2644 180 2708 haec
207 2645 241 2708 in
269 2644 426 2709 coloribus
454 2645 583 2727 uiuant,
611 2644 690 2710 haec
711 2645 747 2709 in
769 2666 843 2709 aera
867 2646 1067 2722 moueantur,

101 2728 181 2793 haec
203 2730 338 2814 gemmis
360 2733 502 2815 augeant
522 2729 671 2814 pretium.
1081 2742 1107 2785 ⁸⁰

102 2886 305 2893 ———————

170 2989 186 3036 2
204 2988 244 3037 tui
262 3003 292 3038 se
312 2990 385 3037 auct
397 2986 491 3037 Bere:
509 2991 582 3039 auct.
594 2987 635 3035 tui
653 3000 683 3036 se
695 2988 722 3034 Μ
740 2984 799 3048 (sed
816 2988 887 3035 auct.
901 2983 942 3033 tui
953 2998 982 3033 se
994 2988 1022 3034 te
1034 2985 1071 3043 Δ;

101 3070 132 3104 se
156 3058 228 3105 auct.
246 3056 288 3105 tui
310 3068 339 3104 se
357 3052 385 3119 0)
410 3054 452 3104 sui
470 3058 496 3105 te
515 3061 587 3104 auct.
606 3054 739 3103 Liuineius
765 3051 769 3118 Ι
796 3051 941 3104 finxissent
958 3051 1033 3101 Bert.
1062 3048 1072 3115 l!

101 3125 259 3174 sectorem
277 3124 386 3186 scripsi:
413 3127 553 3174 auctorem
570 3123 598 3169 Η
616 3121 690 3172 Bert.
722 3118 732 3186 ΙΙ
761 3122 847 3171 bueo
864 3118 995 3170 culleoA
1017 3134 1073 3168 non

104 3189 202 3239 eculeo
219 3187 269 3253 vri
293 3190 398 3241 frustra
414 3190 442 3238 Ι
464 3187 475 3255 ΙΙ
498 3189 609 3240 ereio
633 3186 643 3253 ΙΙ
667 3191 700 3240 13
718 3203 752 3239 ne
771 3204 820 3239 our.
837 3189 860 3237 Δ
876 3188 897 3237 B
915 3185 962 3250 Vl
986 3185 1071 3236 licere

102 3261 200 3320 posset
212 3255 249 3325 dl
266 3257 368 3309 elicere
385 3259 493 3323 scripsi:
511 3256 597 3308 licere
614 3258 642 3304 Η
658 3254 668 3322 ΙΙ
687 3259 719 3308 lb
736 3253 775 3321 et]
796 3255 831 3305 ad
843 3256 876 3304 W
892 3253 902 3319 11
920 3255 952 3304 19
971 3252 1072 3302 litteris

103 3324 262 3389 linguisque
273 3324 297 3375 Δ
308 3325 399 3374 Bere:
416 3324 521 3391 linguis
535 3324 693 3391 litterisque
705 3325 726 3373 B
736 3325 784 3373 (lv
793 3323 826 3371 W
838 3320 849 3387 ss
864 3324 898 3373 24
916 3337 950 3371 aa
968 3335 1072 3386 argum.

102 3390 242 3443 deserite?
271 3392 281 3460 ΙΙ
310 3394 344 3444 ib
360 3392 472 3444 Indicos
489 3394 525 3442 Ar
551 3391 675 3443 medicos
691 3392 712 3442 B
730 3395 748 3441 c
767 3391 788 3439 V
805 3390 838 3439 W
866 3388 876 3455 ΙΙ
905 3391 939 3439 29
957 3403 1024 3439 area
1041 3388 1074 3436 W

103 3474 188 3508 aerea
206 3462 228 3511 V
248 3462 253 3526 Ι
272 3457 447 3525 moueantur]
467 3459 625 3510 incidantur
642 3460 775 3511 Cellarr'ue.
798 3475 832 3509 on
850 3455 1036 3508 inondantuxt
