2294 3780
227 122 298 174 PRO
317 120 597 174 RESTAURANDIS
615 121 749 174 SCOLIS.
768 126 876 175 10—14.
970 123 1031 188 125

59 270 182 417 quipgle
213 267 277 332 hoe
310 269 380 353 ipso
405 269 546 416 (praemii
574 270 677 354 gloria
709 273 891 335 continetur
924 294 964 337 ne
997 273 1031 337 id

61 374 138 439 capr
173 354 242 445 tate
264 373 404 450 quaeren
426 354 437 416 i
460 354 624 419 affectasse
647 354 819 420 uideamur.
863 355 947 439 quod
969 355 1030 420 hoc

60 459 128 503 uuo
156 456 284 520 assequr
306 458 489 521 possumus,
518 438 543 501 si
566 459 625 521 pro
648 443 780 523 accepto
803 439 953 504 ducamus
976 440 1030 503 ob-

61 521 176 605 latum,
201 524 237 585 ut
250 520 426 599 industriae
447 521 490 585 sit
504 521 547 584 ad
560 522 705 586 sumendi
725 523 848 608 copiam
862 524 1030 607 peruenire

61 606 206 690 potuisse
242 598 459 670 continentiae
480 607 681 688 praeterisse.
1044 628 1056 668 s

127 654 219 754 xlll'.
270 689 321 753 An
344 690 371 753 si
393 688 562 753 fortissimi
584 689 645 753 uiri
672 690 708 754 in
730 691 829 755 sacris
852 692 1031 755 certamini-

62 775 124 839 bus
148 794 271 838 summo
292 772 402 838 labore
424 777 517 857 atque
539 774 637 838 etiam
659 774 746 838 uitae
767 774 908 858 periculo
931 775 1032 839 solam

62 878 179 922 uocem
215 857 360 921 raeconis
382 859 415 921 et
436 878 572 922 coronae
588 858 808 922 testimonium
821 862 947 943 petunt,
972 881 988 923 e
1014 880 1032 923 o

63 943 166 1006 uerba
228 963 247 1006 a
268 940 378 1005 diuina
406 942 622 1026 caelestesque
644 942 785 1026 litteras,
816 944 931 1026 quibus
953 944 997 1007 mi
1024 944 1047 1001 '.

62 1027 152 1092 tanti
165 1025 325 1109 principes
347 1025 578 1090 instituendam
594 1027 792 1091 iuuentutem
810 1028 1032 1092 commendare
1046 1048 1072 1087 11

64 1110 193 1195 dignati
220 1112 311 1192 sunt,
340 1131 407 1174 non
434 1110 519 1174 ultra
545 1111 687 1174 omnium
714 1132 830 1175 uocum
854 1110 1032 1195 potentiam

64 1192 310 1258 uenerabundus
344 1193 524 1291 accipiam?
567 1215 633 1259 nou
661 1196 746 1258 ultra
773 1216 882 1258 omnes
908 1195 1033 1258 laureas

65 1277 193 1343 colam?
214 1299 293 1362 quas
308 1299 379 1363 ego,
396 1299 446 1341 111
459 1278 689 1361 perfectissime
704 1279 749 1318 *²¹²
763 1279 935 1342 tamenetsi
949 1277 1033 1341 hauc

87 1364 194 1460 noque
220 1361 300 1427 mihi
328 1361 456 1427 ueniam
484 1362 607 1427 tribuas
635 1364 769 1445 oportet.
816 1383 918 1445 nequo
947 1362 1033 1425 euim

63 1385 119 1512 das
140 1446 240 1530 rpsius
262 1447 418 1530 epistulae
440 1467 550 1511 sacrae
577 1445 909 1511 commemorationem
933 1446 1034 1509 solam
1048 1448 1072 1502 1'5

65 1533 139 1596 sine
165 1531 316 1614 obsequio
344 1530 545 1595 recitationis
572 1530 737 1614 inducere,
766 1533 802 1594 ut
830 1550 867 1595 ea
895 1529 1035 1613 perlecta

65 1616 173 1701 magas
201 1616 324 1680 eluceat
349 1618 505 1698 quantum
533 1637 583 1679 me
606 1614 746 1680 studium
769 1614 892 1698 parsit
914 1615 1034 1698 impen-

67 1700 144 1764 dere
172 1721 238 1764 nou
263 1699 342 1783 ipsis
369 1700 463 1764 modo
488 1700 618 1779 litteris,
651 1699 705 1763 sed
728 1700 825 1764 etiam
847 1699 976 1781 templis
998 1719 1035 1761 ac

67 1782 198 1849 sedibus
219 1784 408 1848 litterarum.

132 1866 221 1932 XIV.
245 1866 423 1932 ‘Mereatur
446 1871 479 1931 et
494 1867 581 1932 Galli
602 1867 706 1932 nostri
728 1870 764 1931 ut
786 1887 895 1931 eorum
914 1866 1034 1949 liberis,
1048 1884 1073 1925 ao

68 1973 203 2037 quorum
230 1952 298 2016 uita
322 1953 358 2016 in
380 1951 719 2049 Augustodunensium
747 1952 864 2036 oppido
886 1951 1036 2037 ingenuis

68 2036 191 2100 artibus
214 2035 365 2119 eruditur,
388 2039 421 2100 et
437 2036 499 2119 ipsi
515 2035 744 2118 adulescentes,
767 2036 822 2183 qui
841 2036 943 2099 hilaro
963 2057 1036 2099 con-

68 2142 167 2185 sensu
181 2142 286 2184 meum
303 2119 499 2204 [Constantii
510 2118 656 2184 Caesaris
673 2142 711 2183 ex
724 2120 775 2183 lta
788 2120 820 2183 ia
833 2118 1035 2200 reuertentis]

69 2226 238 2288 suscepere
261 2203 462 2288 comitatum,
485 2206 653 2267 uteorum
674 2202 776 2266 indoli
798 2202 963 2266 consulere
986 2222 1037 2264 cu·

67 2290 208 2374 piamus.
251 2288 385 2371 proinde
418 2288 502 2371 quod
535 2288 621 2351 aliud
648 2287 826 2371 praemium
858 2286 909 2349 his
941 2305 1037 2368 quam
1051 2300 1076 2341 2⁵

67 2372 151 2438 illud
186 2373 332 2437 conferre
361 2372 512 2437 debemus
568 2370 631 2434 uod
658 2391 719 2433 nec
746 2369 822 2433 dare
846 2370 953 2452 potest
978 2388 1037 2431 nee

68 2458 194 2543 eripere
215 2455 371 2521 fortuna?
408 2456 493 2520 unde
515 2393 672 2519 auditorio
694 2453 784 2538 huic,
807 2453 892 2538 quod
913 2452 1039 2518 uidetur

69 2542 206 2606 interitu
232 2541 448 2624 praeceptoris
475 2540 638 2624 orbatum,
665 2541 698 2603 te
725 2537 927 2622 potissimum
949 2558 1038 2622 prae-

71 2625 167 2689 ficere
189 2624 402 2708 decreuimus,
435 2625 523 2688 cuius
546 2623 762 2708 eloquentiam
791 2627 823 2688 et
843 2623 1039 2709 grauitatem

70 2730 199 2774 morum
235 2730 273 2772 111
308 2712 397 2773 actus
433 2708 537 2773 nostri
573 2708 727 2772 habemus
763 2707 1077 2773 administrationem

139 2866 157 2913 4
175 2862 210 2912 ad
228 2862 353 2914 sumendi
369 2862 514 2912 1111111111
532 2860 689 2911 assumendi
706 2859 752 2924 111
769 2863 913 2927 preuenire
930 2860 1014 2908 Bvu
1031 2858 1039 2922 1,

72 2932 89 2981 5
107 2929 283 2980 continentia
300 2931 328 2977 Η
350 2927 361 2994 l]
385 2932 417 2980 11
435 2929 588 2993 potentiam
605 2937 764 2991 corruptum:
782 2929 960 2993 praeconium
977 2927 1039 2976 Aci-

72 2998 157 3048 dala'ua
179 2994 190 3062 ss
212 2999 243 3048 13
262 2999 376 3048 lacunam
393 2998 507 3047 indicaui
524 2995 528 3058 1
549 2996 664 3045 tametsi
679 2996 700 3043 B
718 2997 735 3043 c
753 2996 775 3042 V
797 2994 806 3060 ΙΙ
829 2998 860 3046 16
880 3012 915 3045 ea
931 3011 978 3045 om.
996 2995 1013 3041 c
1032 2992 1041 3051 ζὲ

73 3066 105 3115 17
124 3063 279 3115 1111111Δ
301 3062 312 3130 ΙΙ
342 3067 372 3116 18
391 3063 441 3114 sed
459 3062 772 3128 1111111111111111111ίς
798 3068 826 3113 at
842 3066 892 3114 del.
913 3062 1041 3112 Liuineius

71 3127 82 3195 l}
98 3133 132 3183 20
146 3131 296 3197 Exemplar
308 3127 376 3197 Eple
387 3131 420 3180 W
430 3132 457 3181 in
468 3145 547 3194 marp.
560 3130 719 3195 Exemplum
732 3145 811 3179 sacre
823 3126 883 3195 eple
895 3129 918 3177 Δ
930 3131 956 3178 in
968 3134 1041 3177 reatu

73 3234 122 3282 1111.
141 3232 212 3283 rubr.
231 3229 249 3349 ll
269 3236 301 3284 21
320 3236 438 3313 augusto
457 3231 627 3302 clunensium
645 3232 813 3312 anugtusto
832 3194 1001 3308 cluuiansium
1019 3230 1042 3276 Δ

73 3302 423 3433 1111111111
440 3301 473 3419 13
488 3294 893 3418 irrratetuuatt
903 3294 1049 3412 1111111

73 3436 243 3487 reuertentis
260 3438 310 3487 del.
329 3434 472 3487 narduinus
491 3433 502 3501 ll
522 3436 555 3488 29
573 3432 716 3489 daduimus
734 3437 845 3501 scripsi:
864 3427 1068 3483 donatiuum
