2294 3780
243 151 504 204 CONSTANTINO
525 150 695 201 AUGUSTO
715 152 748 201 D.
767 152 876 202 22-25.
979 149 1040 214 231

70 297 1041 467 tttl⁰tt⁶ttt⁵nltttt⁰⁸tlffittttlttttt

71 468 219 550 tendere,
249 488 322 531 cum
347 488 386 531 ex
407 467 566 531 industria
587 467 635 530 tui
659 468 816 530 oederent.
860 466 977 529 flexum
1002 466 1041 529 ad

71 551 306 636 insequendum
322 551 443 616 ferreus
464 552 553 635 rigor
568 572 633 614 non
649 551 756 614 dabat.
785 551 832 612 ita
854 551 956 613 nostri
972 571 1042 634 pro·

73 636 160 700 ditos
182 635 245 699 sibi
267 635 368 700 clauis
391 635 593 717 adoriuntur,
622 656 702 717 quae
724 634 877 717 grauibus
899 635 1069 699 ferratis-⁶

95 742 136 784 ue
162 718 258 783 nodis
286 718 411 783 hostem
439 720 565 782 uulneri
594 739 662 782 non
688 722 853 801 patentem
883 720 1043 784 caedendo

73 742 296 889 defatigabant
322 824 360 867 ac
387 803 525 866 maxime
553 802 712 885 capitibus
740 803 934 885 applicatae,
964 825 1043 887 quos

72 889 140 953 ictu
161 887 445 971 perturbauerant,
468 908 559 951 ruere
582 885 750 970 cogebant.
785 890 863 952 tunc
884 889 931 952 ire
953 910 1043 972 prae·

71 972 204 1119 {ipigea
230 971 475 1119 lgbliibreolintipi,l
495 971 676 1068 semineces·
692 970 842 1117 rppcillare
872 977 928 1036 aut
949 974 1044 1120 rrpopli-

95 1076 411 1120 un1se1usa
477 1077 523 1119 er1
600 1075 700 1118 ermur
768 1076 920 1119 cuorum
1057 1075 1081 1114 ro

72 1138 224 1223 impliciti
251 1141 370 1222 iacere,
399 1140 462 1222 qui·
479 1077 606 1222 reperti)
636 1076 807 1202 sauciandil
827 1140 896 1204 loco
923 1079 1044 1222 pdsdini

73 1223 216 1308 equitem
238 1224 349 1288 effreni
372 1223 481 1287 dolore
496 1222 684 1287 fundebant.
713 1222 753 1285 ad
775 1245 873 1286 unum
896 1225 1043 1287 omnibus

72 1307 254 1372 interfectis
269 1307 424 1390 hostibus,
447 1308 511 1371 tuis
525 1307 673 1391 integris,
697 1305 862 1370 horrorem
885 1328 1043 1371 armorum

74 1393 115 1456 ad
137 1391 327 1456 miraculum
355 1393 511 1456 uictoriae
532 1391 782 1472 transtulerunt,
811 1391 894 1474 quod
917 1392 971 1474 qui
993 1392 1043 1455 in-

73 1476 291 1540 uulnerabiles
314 1475 515 1539 habebantur
541 1475 611 1538 sine
632 1478 759 1538 tuorum
788 1475 972 1538 uulneribus
994 1477 1043 1540 in·
1057 1492 1082 1532 1⁵

73 1562 236 1624 terissent.
263 1560 449 1625 Antoninus
471 1560 644 1642 imperator
665 1559 701 1622 in
723 1564 799 1643 toga
821 1563 989 1642 praestans
1012 1564 1044 1624 et

74 1645 250 1741 nominers
272 1666 332 1708 nec
353 1643 470 1707 futtilis
481 1643 575 1741 ⁸bello
582 1692 591 1724 ,
623 1664 694 1707 cum
717 1644 885 1707 aduersum
907 1643 1044 1708 Parthos

74 1731 545 1876 {tilm‘tlitfftlt'nlli
567 1727 1044 1897 uirtutibus

76 1896 200 1960 litteras
224 1895 322 1961 daret.
367 1917 444 1980 quas
474 1917 546 1960 oum
574 1918 629 1960 rex
657 1896 845 1961 immodicus
875 1899 976 1962 animi
997 1919 1044 1961 re·
1057 1914 1083 1953 8⁰

77 1981 224 2063 spuisset,
247 1980 419 2044 insolentia
439 1979 566 2064 quidem
581 1980 708 2043 barbari
725 1980 883 2045 debellata
907 1984 965 2060 est,
989 1981 1044 2045 sed

75 2064 273 2147 patefactum
294 2065 391 2127 estin
406 2063 457 2128 his
477 2064 573 2127 armis
587 2067 713 2127 tantam
734 2064 838 2126 inesse
857 2065 1045 2128 uiolentiam

74 2150 198 2212 utiam
228 2151 260 2212 et
280 2148 457 2212 uincendus
479 2148 592 2211 fideret
620 2150 651 2210 et
677 2150 882 2229 superaturus
904 2149 1043 2210 timeret.

138 2230 241 2296 XXV.
271 2232 354 2307 Quid
376 2254 437 2317 ego
456 2232 593 2296 referam
607 2233 681 2313 post
694 2233 819 2294 tantam
842 2235 873 2293 et
888 2234 954 2294 tam
972 2252 1044 2316 gra-

74 2337 148 2381 uem
169 2338 314 2401 pugnam
336 2317 421 2400 quod
443 2320 521 2400 aput
537 2315 681 2379 Brixiam
702 2335 839 2398 magnus
862 2313 990 2397 quidem
1012 2317 1083 2377 era

74 2421 147 2465 acer
167 2401 336 2483 equitatus,
360 2401 414 2464 sed
428 2401 508 2485 fuga
523 2421 619 2484 quam
636 2400 669 2463 ui
684 2419 741 2463 sua
754 2398 853 2462 tutior
870 2398 923 2482 [et]
940 2398 1044 2482 primo

74 2485 199 2567 impetu
213 2487 269 2549 tuo
285 2486 396 2568 pulsus
406 2483 570 2549 Ueronam
591 2504 691 2566 usque
711 2481 877 2547 contendit
899 2482 938 2546 ad
952 2504 1044 2566 prae-

75 2569 159 2632 sidia
180 2568 327 2632 maiora?
354 2589 457 2651 neque
479 2568 512 2631 id
534 2568 680 2632 dedecori
700 2568 772 2650 fuit,
795 2567 879 2650 quod
902 2569 1046 2631 excusati

76 2653 208 2737 fugiunt
236 2653 289 2735 qui
311 2653 371 2716 tibi
394 2652 522 2717 cedunt.
568 2652 737 2736 contingat
759 2653 837 2734 quin
865 2652 963 2716 immo
987 2652 1045 2717 mi·

145 2857 158 2904 1
174 2856 268 2906 hostes
282 2857 347 2905 Bw
364 2857 472 2906 hostem
484 2858 506 2905 V
523 2857 552 2905 in
569 2855 664 2906 hostes
675 2856 693 2903 tl
708 2854 713 2920 Ι
728 2855 909 2904 ludificandos
921 2857 957 2915 Ι,
975 2871 1043 2905 corr.

75 2924 211 2973 Acidaliae
227 2921 238 2987 Ι
258 2926 274 2974 3
294 2923 398 2973 credor.
415 2923 439 2972 A
455 2922 465 2989 Ι
485 2926 501 2973 6
520 2922 657 2973 credendo
675 2922 698 2970 A
718 2919 728 2987 Ι
750 2926 764 2972 7
784 2921 926 2986 applicate
944 2936 982 2970 w:
1002 2921 1045 2971 af·

74 2989 170 3039 dicate
188 2992 216 3038 Π
234 2991 386 3041 afflictatae
405 2990 479 3040 Bert.
501 2989 511 3055 Ι
535 2992 551 3040 8
569 2990 803 3054 perturbaucrunt
820 2989 844 3038 A
863 2986 873 3054 ΙΙ
897 2992 912 3039 9
931 2989 1044 3040 reclinis

73 3057 98 3105 A
115 3072 179 3107 -ues
196 3057 247 3107 Bc
264 3074 326 3108 ·ncs
344 3059 367 3106 V
378 3058 412 3105 W
432 3056 442 3123 ΙΙ
465 3060 495 3107 12
513 3057 636 3109 omnibus
654 3056 746 3107 Bertr
764 3074 810 3108 om.
828 3057 855 3105 Η
875 3054 886 3121 Ι
908 3059 940 3108 13
958 3057 1044 3107 hosti-

74 3126 128 3175 bus
143 3126 253 3190 scripsi:
270 3126 396 3177 omnibus
414 3122 554 3188 1(Bert.,
572 3132 599 3174 ut
616 3121 680 3188 uid.)
698 3122 708 3189 ΙΙ
732 3126 763 3174 16
781 3125 918 3175 Antonius
935 3124 968 3172 W
985 3139 1011 3172 m
1029 3121 1042 3190 ΙΙ

76 3194 109 3243 17
127 3192 258 3244 aduersus
275 3195 309 3242 W
324 3190 335 3258 Ι
355 3194 386 3242 19
405 3191 440 3240 ad
458 3208 504 3241 om.
517 3194 540 3240 A
556 3189 567 3256 Ι
583 3194 617 3243 23
635 3196 689 3241 iarn
708 3207 769 3256 epo:
788 3208 847 3242 eam
863 3192 890 3240 Η
905 3191 910 3256 Ι
927 3197 955 3241 et
970 3194 1046 3256 price

74 3259 98 3307 A
115 3258 208 3311 Bere:
230 3277 275 3311 om.
294 3261 314 3309 B
332 3261 350 3308 d
367 3259 390 3306 V
407 3258 440 3306 W
462 3256 472 3323 Ι
496 3261 530 3309 24
548 3274 614 3324 ergo
632 3261 649 3308 0
673 3256 683 3323 Ι
707 3261 740 3310 25
760 3259 831 3323 quod
849 3274 911 3309 cum
928 3259 1001 3323 apud
1019 3271 1045 3307 v

76 3324 81 3391 Ι
102 3327 213 3391 quidam
231 3330 271 3389 1,
289 3344 356 3380 corr.
375 3328 508 3378 Liuineius
533 3324 544 3390 Ι
573 3327 606 3377 26
624 3326 672 3377 scd
691 3328 769 3378 idem:
787 3333 858 3376 esset
875 3328 903 3374 1
922 3326 926 3384 Ι
946 3327 976 3374 ui
993 3339 1046 3374 sua

75 3394 163 3445 tutior
184 3407 221 3442 w:
249 3397 312 3445 uisu
332 3397 451 3444 astutior
473 3391 608 3458 (astucior
624 3393 656 3453 A)
674 3393 701 3439 u
727 3396 732 3458 Ι
759 3400 787 3443 et
805 3395 854 3443 del.
871 3392 999 3456 desperas
1030 3389 1043 3455 ΙΙ

73 3460 109 3511 2?
127 3460 244 3512 tetendit
261 3468 290 3512 at
308 3477 380 3527 pres.
398 3462 421 3510 A
444 3460 454 3526 ΙΙ
479 3464 512 3514 28
529 3458 569 3526 id]
590 3460 660 3510 illud
677 3462 700 3508 A
