2294 3780
108 152 149 217 38
443 156 465 206 1.
498 156 528 210 C.
546 156 665 208 PLINlI
682 155 762 209 PAN.

108 305 209 370 oculto
230 310 263 369 et
284 306 351 391 ipse
373 304 508 370 donasti.
552 305 707 367 cesserint
727 325 840 387 parum
862 308 979 388 gratis:
1013 329 1077 371 ma·

107 394 190 453 nent
204 395 313 454 tamen
332 391 423 473 digni
439 388 532 453 bonis
552 389 607 470 eis,
627 388 772 471 nihilque
785 409 823 451 ex
836 388 900 451 illis
918 390 957 452 ad
968 393 1000 453 te
1013 392 1077 455 nisi

108 474 213 558 gloria
234 474 325 538 redit.
362 495 440 536 nam
461 471 689 536 liberalitatem
710 471 928 535 iucundiorem
950 473 1076 537 debitor

149 562 237 638 atus,
259 556 427 620 clariorem
441 557 588 642 ingratus
603 555 692 619 facit.
716 554 772 618 sed
787 555 856 637 quis
872 558 948 618 ante
963 558 995 619 te
1010 557 1075 619 lau-

83 580 181 705 cdbm
195 642 292 703 istam
307 641 462 725 pecuniae
478 638 657 724 praetulit?
678 641 793 722 quotus
809 639 941 722 quisque
956 640 1074 723 princi-

107 745 185 808 pum
205 745 247 788 ne
269 725 303 788 id
318 724 446 808 quidem
468 726 503 788 in
517 723 719 808 patrimoniis
735 723 855 787 nostris
878 746 970 788 suum
985 725 1075 788 duxit

107 809 193 893 quod
215 812 300 873 esset
321 809 360 873 de
383 807 464 872 suo?
500 829 609 871 nonne
635 810 672 870 ut
693 828 805 892 regum
833 808 880 872 ita
903 808 1075 874 Caesarum

106 914 239 956 munera
261 893 359 956 illitos
383 892 462 956 cibis
491 892 618 973 hamos,
647 896 775 975 opertos
801 893 919 975 praeda
945 893 1075 976 laqueos

107 977 360 1060 aemulabantur,
389 998 461 1040 cum
488 977 624 1061 priuatis
652 977 858 1041 facultatibus
886 979 976 1042 uelut
1002 980 1075 1058 fusc-

68 1078 94 1118 10
107 1064 187 1125 tores
209 1063 302 1124 aucta
323 1066 356 1125 et
376 1061 589 1144 multiplicata
609 1063 696 1126 retro
717 1082 833 1145 secum,
857 1062 1006 1147 quicquid
1029 1067 1075 1126 at-

105 1143 265 1227 tigerant,
288 1145 470 1210 referrent?

170 1227 284 1294 XLIV.
315 1230 418 1306 Quam
440 1231 518 1294 utile
541 1232 590 1294 est
612 1230 652 1294 ad
674 1247 766 1294 nsum
785 1230 996 1295 secundorum
1018 1253 1075 1313 per

106 1311 240 1377 aduersa
259 1317 400 1380 uenisse!
424 1315 535 1380 uixisti
549 1316 729 1398 nobiscum,
752 1315 951 1400 periclitatus
970 1337 1012 1396 ea,
1036 1317 1075 1378 ti-

105 1396 227 1481 muisti,
251 1423 330 1482 quae
348 1405 427 1464 tnnc
450 1405 519 1465 erat
540 1401 761 1464 innocentium
783 1401 861 1464 uita.
891 1400 953 1464 scis
976 1404 1008 1464 et
1023 1421 1074 1463 ex-

66 1494 93 1537 15
104 1484 216 1564 pertus
228 1505 261 1546 es
274 1491 471 1568 quantopere
484 1486 683 1549 detestentur
697 1486 795 1548 malos
804 1485 967 1567 principes
980 1485 1075 1548 etiam

105 1565 161 1648 qui
183 1567 283 1630 malos
300 1568 435 1631 faciunt.
463 1569 640 1630 meministi
662 1590 741 1650 quae
763 1572 873 1650 optare
895 1568 1073 1650 nobiscum,

105 1653 247 1734 quassis
269 1652 359 1734 queri
375 1651 496 1714 solitus.
526 1672 601 1713 nam
622 1651 740 1732 priuati
761 1651 879 1713 iudicio
894 1651 1074 1733 principem

106 1737 204 1819 geris,
233 1736 399 1800 meliorem
420 1735 518 1797 immo
541 1736 574 1796 te
595 1737 739 1815 praestas
762 1754 858 1815 quam
886 1734 946 1797 tibi
975 1735 1073 1799 alium

105 1821 289 1901 precabare.
326 1819 434 1902 itaque
456 1817 501 1880 sic
523 1817 637 1880 imbuti
660 1839 767 1880 sumus
790 1819 834 1900 ut,
867 1818 981 1901 quibus
1004 1824 1074 1883 erat

65 1920 92 1962 ao
105 1922 230 1966 summa
251 1906 400 1967 uotorum
422 1901 535 1965 melior
560 1900 698 1984 pessimo
724 1901 885 1985 princeps,
915 1904 979 1967 iam
1007 1926 1074 1968 non

105 1988 263 2070 possimus
291 1987 354 2050 nisi
383 1986 539 2070 optimum
566 1985 661 2049 ferre.
704 2008 798 2049 nemo
826 1989 875 2050 est
903 2010 979 2072 ergo
1007 1993 1072 2051 tam

105 2073 171 2155 tui,
199 2075 266 2136 tam
288 2072 299 2135 i
324 2092 421 2134 narus
444 2069 494 2133 sui
517 2073 553 2134 ut
579 2070 685 2134 locum
713 2071 811 2134 istum
839 2075 912 2154 post
939 2076 971 2136 te
1000 2093 1072 2135 con-

106 2157 259 2241 cupiscat.
297 2093 423 2220 facilius
446 2158 554 2219 estut
576 2176 643 2219 esse
667 2155 780 2239 aliquis
809 2177 971 2220 successor
996 2158 1070 2219 tuns

105 2240 209 2324 possit
230 2261 327 2324 quam
348 2243 384 2303 ut
406 2240 494 2303 uelit.
532 2241 602 2324 quis
625 2241 711 2303 enim
735 2262 827 2304 curae
854 2245 927 2304 tuae
955 2240 1071 2304 molem

67 2329 221 2409 1111101111
244 2324 380 2388 subest?
401 2326 473 2411 quis
496 2324 672 2409 comparari
694 2325 753 2388 tibi
776 2347 840 2388 non
863 2324 1069 2388 reformidet?

106 2412 255 2493 expertus
285 2411 317 2472 et
344 2410 413 2493 ipse
441 2432 473 2473 es
502 2431 597 2492 quam
625 2409 667 2472 sit
701 2430 868 2472 onerosum
903 2409 1071 2472 succedere

105 2493 191 2557 bono
219 2493 373 2576 principi,
409 2496 442 2556 et
469 2493 623 2556 offerebas
651 2494 885 2556 exeusationem
915 2493 1069 2575 adoptati.

105 2598 147 2640 an
169 2599 267 2660 parua
289 2599 452 2660 pronaque
475 2576 608 2640 suntad
631 2576 854 2640 aemulandum
870 2577 953 2659 quod
977 2598 1070 2641 nemo

104 2661 361 2726 incolumitatem
384 2662 581 2743 turpitudine
603 2659 774 2743 rependit?
796 2661 884 2724 salua
908 2664 957 2724 est
970 2662 1071 2724 omni·

66 2762 92 2804 10
105 2745 164 2810 bus
186 2747 255 2811 uita
277 2750 309 2810 et
331 2745 472 2830 dignitas
494 2745 591 2827 uitae,
621 2766 682 2809 nec
703 2745 768 2807 iam
792 2745 1010 2809 consideratus
1034 2767 1071 2810 ac

105 2903 226 2911 ——-.-.-.
231 2904 309 2910 -..—

175 3004 189 3049 1
208 3000 295 3050 multa
313 3003 373 3051 add.
392 3000 543 3049 Ernestius:
561 3014 607 3048 om.
626 3001 653 3046 H
672 2995 677 3065 Ι
696 3002 830 3050 cesserint
848 3017 873 3066 p.
894 3001 982 3064 gratis
999 3002 1071 3050 Liui·

105 3071 190 3118 adas:
209 3069 327 3118 cesserit
346 3084 371 3132 p.
390 3074 487 3133 gratus
503 3069 530 3114 Η
548 3067 657 3131 ceperit
674 3083 701 3131 p.
722 3073 817 3132 gratus
831 3070 935 3133 Lipsius
954 3069 1072 3118 cesserit

104 3150 132 3199 p.
149 3139 229 3199 grate
247 3135 348 3185 Keilius
361 3133 398 3200 112
417 3135 494 3198 digni
511 3136 618 3198 scripsi:
636 3133 665 3183 hi
686 3135 731 3199 qui
747 3137 774 3182 Μ
789 3134 793 3200 1
811 3136 850 3185 eis
869 3137 990 3199 Lipsius:
1012 3137 1071 3185 eius

105 3203 132 3249 Μ
149 3204 204 3251 tuis
217 3203 303 3255 Licin.
317 3200 356 3267 116
374 3202 474 3251 dixitB
492 3209 552 3263 puto
571 3203 674 3251 nostris
693 3217 747 3252 non
766 3218 843 3253 snum
862 3202 939 3252 duxit
951 3200 990 3266 119
1009 3203 1071 3252 fan·

105 3274 179 3319 tores
197 3271 302 3319 addidi:
324 3286 371 3319 om.
389 3271 416 3316 Μ
433 3268 442 3334 11
461 3272 492 3319 10
511 3274 592 3318 aucta
609 3270 755 3319 Liuineius:
774 3269 871 3320 hausta
889 3272 916 3317 bi
933 3268 937 3335 1
955 3269 1071 3334 amplifi-

106 3342 170 3386 cata
190 3334 337 3401 6111111111
352 3339 382 3386 12
400 3351 465 3387 usus
478 3338 511 3383 W
523 3333 533 3401 11
547 3338 578 3386 17
597 3337 700 3400 priuati
714 3337 832 3402 Lipsius:
851 3340 959 3401 priuato
977 3335 1071 3402 11121

105 3420 249 3467 possumus
266 3405 301 3465 Μ,
320 3420 388 3455 corr.
403 3418 418 3466 ς
431 3401 485 3468 1122
504 3404 589 3452 istum
607 3399 754 3455 Liuineius:
773 3405 861 3470 ipsum
874 3402 969 3470 12124
987 3405 1072 3456 moles

106 3470 198 3537 101127
217 3473 351 3524 efferebas
369 3469 454 3535 01128
472 3485 559 3536 prona
576 3485 718 3535 paruaque
736 3474 753 3520 0
