2294 3780
104 138 146 203 88
419 139 441 194 1.
472 137 509 194 c.
530 139 645 190 enirn
664 138 744 192 Par.
773 159 775 163 ·

106 288 244 373 pessimo
258 289 405 373 principe
420 287 474 371 qui
490 285 658 370 praeteriri
671 286 711 351 ab
723 286 844 370 optimo
856 307 922 350 non
936 289 1077 369 poterat.

106 376 143 438 tu
165 373 250 437 clara
272 372 382 437 iudicii
402 373 450 435 tui
473 373 568 455 signa
594 370 724 450 misisti,
755 392 828 435 cum
855 370 1073 455 proficiscenti

106 458 146 521 ad
175 457 348 521 exercitum
373 458 430 520 tuo
458 455 605 538 nominc,
640 459 697 519 tuo
724 454 845 520 honore
874 455 1006 520 cessisti.
1037 459 1074 519 tu

106 563 184 605 uoce
211 540 412 623 imperatoris
440 538 516 636 quid
550 538 685 602 sentires
720 540 845 604 locutus
879 539 980 604 filium
1015 539 1078 624 illi,

80 625 201 689 snobis
223 627 404 708 parentem,
432 623 491 688 tibi
520 623 707 708 pontificem
734 624 909 687 maximum
937 623 1078 708 elegisti.

107 730 169 792 quo
192 707 310 786 maiore
332 708 449 773 fiducia
470 707 571 772 isdem
597 707 662 771 illis
689 708 773 772 uotis
808 729 888 792 quae
918 708 988 791 ipse
1015 729 1077 792 pro

107 814 141 857 se
168 793 347 875 nuncupari
375 792 464 857 iubet
497 813 552 856 oro
587 795 619 856 et
652 791 811 874 obtestor,
841 793 869 857 si
897 792 978 856 bene
1006 813 1076 856 rem

107 876 277 960 publicam,
307 877 333 940 si
357 898 395 941 ex
417 877 559 942 utilitate
581 876 725 940 omnium
747 877 845 960 regit,
877 877 1017 960 primum
1038 880 1079 941 ut

107 961 198 1024 illum
209 961 379 1045 nepotibus
397 961 517 1025 nostris
529 982 566 1024 ac
577 960 806 1045 pronepotibus
819 981 937 1043 scrues,
957 960 1076 1025 deinde

69 1067 95 1108 ιο
107 1048 143 1109 ut
164 1045 355 1129 quandoque
376 1066 591 1111 successorem
608 1045 637 1109 ei
657 1045 780 1109 tribuas
801 1060 894 1130 quem
914 1045 1074 1129 genuerit,

99 1150 202 1214 quem
224 1129 410 1195 formauerit
443 1129 642 1213 similemque
672 1129 783 1193 fecerit
810 1129 977 1213 adoptato,
1006 1133 1077 1213 aut,

107 1215 135 1277 si
163 1212 226 1278 hoc
253 1214 322 1278 fato
348 1217 503 1300 negatur,
531 1215 567 1278 in
596 1213 727 1278 consilio
755 1213 798 1277 sis
827 1213 961 1298 eligenti
982 1235 1072 1277 mon·

108 1301 189 1363 stres
211 1319 251 1362 ue
275 1298 413 1383 aliquem
436 1321 530 1383 quem
551 1298 696 1381 adoptari
715 1298 749 1362 in
772 1297 931 1380 Capitolio
953 1297 1074 1362 deccat.

163 1320 261 1448 XbV.
285 1381 396 1468 Uobis,
418 1387 526 1467 patres
550 1383 735 1466 conscripti,
765 1385 919 1464 quantum
941 1380 1076 1447 debeam

69 1467 245 1550 republicis
275 1467 370 1533 etiam
398 1469 604 1533 monimentis
631 1467 821 1532 continetur.
856 1487 916 1530 uos
937 1466 1017 1530 mihi
1040 1468 1075 1532 in

107 1550 275 1615 tribunatu
297 1552 421 1634 quietis
443 1554 479 1615 in
500 1555 651 1634 praetura
671 1551 857 1633 modestiae,
879 1572 938 1615 uos
953 1551 1074 1616 inistis

108 1634 222 1698 officiis
245 1636 342 1698 etiarn
369 1657 449 1719 quae
478 1657 516 1698 ex
544 1635 657 1699 studiis
683 1635 803 1699 nostris
832 1636 916 1698 circa
938 1635 1076 1700 tuendos

109 1719 210 1783 socios
232 1718 444 1783 iniunxeratis
471 1741 543 1783 cum
570 1720 645 1803 pidet
671 1723 740 1783 tum
768 1719 969 1784 constantiae
992 1720 1075 1784 anti·

108 1802 295 1951 quissimum
327 1803 548 1868 testimonium
580 1801 798 1888 perhibuistis.
838 1824 896 1867 uos
928 1804 1074 1900 proxime

70 1908 96 1948 so

131 1887 358 1951 estinationem
393 1886 577 1952 consulatus
609 1888 673 1951 mei
706 1887 756 1951 his
790 1887 1079 1953 acclamationibus

109 1970 347 2054 approbabistis
374 1974 411 2036 ut
437 1970 624 2056 intellegam
652 1972 748 2037 etiam
771 1975 867 2056 atque
890 1973 985 2037 etiam
1008 1973 1076 2036 eni-

108 2054 241 2119 tendum
261 2055 341 2119 mihi
356 2058 392 2120 ut
406 2055 493 2120 hunc
513 2077 702 2121 consensum
723 2061 866 2121 uestrum
883 2056 1076 2140 complectar

109 2141 290 2204 etteneam
313 2140 401 2204 etin
423 2139 489 2205 dies
511 2161 657 2226 augeam.
693 2141 811 2205 etenim
839 2141 970 2205 memini
997 2143 1075 2207 tunc

107 2223 274 2288 uerissime
308 2223 457 2310 iudicari,
492 2225 645 2290 meruerit
677 2225 747 2309 quis
778 2224 933 2290 honorem
961 2246 1076 2308 necne,

68 2328 96 2369 rs
109 2329 181 2373 curn
208 2309 341 2394 adeptus
369 2314 426 2375 est.
464 2331 520 2375 uos
548 2310 644 2374 modo
670 2310 778 2376 fauete
805 2309 880 2373 huic
909 2309 1075 2393 proposito

111 2396 144 2457 et
166 2393 301 2473 credite,
331 2395 358 2458 si
388 2417 481 2459 cursu
509 2395 644 2477 quodam
665 2397 836 2478 prouectus
858 2394 898 2458 ab
920 2394 976 2458 illo
999 2393 1076 2458 insi-

111 2476 290 2540 diosissime
312 2478 458 2561 principe
473 2481 647 2560 antequam
666 2478 868 2561 profiteretur
890 2479 997 2543 odium
1021 2478 1076 2543 bo·

109 2580 239 2643 norum,
274 2563 441 2644 postquam
468 2561 627 2642 professus
655 2565 720 2643 est,
754 2562 899 2645 substiti3
930 2564 968 2646 si,
1002 2583 1076 2627 cum

109 2642 250 2707 uiderem
274 2664 353 2726 quae
375 2643 415 2707 ad
443 2644 581 2707 honores
609 2645 798 2727 compendia
824 2649 981 2729 paterent,
1005 2645 1076 2711 lon·

72 2738 98 2780 ³⁰
112 2728 184 2812 gius
206 2729 267 2791 iter
289 2727 403 2810 malui3
431 2728 458 2790 si
486 2726 579 2791 malis
606 2728 802 2811 temporibus
829 2731 915 2795 inter
936 2734 1078 2794 maestos

180 2985 192 3030 1
213 2973 357 3047 praeteriri
375 2997 405 3048 q:
424 2983 540 3048 perterri
559 2984 576 3030 (l
594 2984 626 3032 W
642 2987 790 3050 perterreri
807 2987 827 3036 B
846 2987 868 3033 V
887 2984 891 3047 Ι
918 2989 1027 3050 poterat
1045 3001 1076 3052 ςε

110 3049 211 3114 poterit
233 3052 260 3099 li
282 3051 374 3114 potuit
395 3053 453 3104 edd.
487 3048 497 3116 ΙΙ
531 3053 563 3101 10
584 3057 615 3102 ut
638 3068 684 3103 om.
709 3053 729 3100 B
752 3054 774 3100 V
801 3051 813 3117 ll
841 3055 872 3102 12
896 3053 934 3103 sis
959 3053 1076 3118 eligenti

111 3118 188 3168 edd:
208 3117 232 3167 si
249 3116 352 3182 legenti
364 3120 391 3167 li
403 3118 456 3168 sibi
474 3117 576 3183 legenti
595 3133 620 3168 w
643 3117 653 3184 [l
682 3122 712 3171 li
732 3135 804 3185 quae
823 3122 982 3184 exscripsi:
1005 3136 1074 3185 quae

112 3189 140 3234 et
156 3199 171 3232 e
186 3185 214 3232 Η
232 3184 235 3244 l
256 3183 356 3235 officiis
374 3191 401 3234 et
418 3184 519 3236 studiis
538 3186 694 3252 nostrisque
713 3189 788 3238 circa
802 3201 826 3236 w
845 3185 857 3253 ll
879 3190 911 3239 18
930 3204 991 3237 cum
1010 3187 1075 3239 fidei

39 3278 42 3287 ·
111 3258 168 3301 tum
186 3252 300 3302 Kellios:
325 3267 386 3301 cum
410 3258 466 3302 tum
491 3254 513 3300 V
534 3254 566 3302 W
588 3268 614 3303 m
637 3270 696 3305 cum
721 3261 751 3305 tu
772 3256 792 3305 B
814 3261 872 3305 tum
895 3271 955 3305 cum
977 3270 996 3304 u
1014 3271 1075 3306 cum

110 3323 236 3371 tament
260 3316 269 3383 ΙΙ
294 3319 496 3371 23tuncom.(l
520 3318 530 3385 ΙΙ
554 3322 717 3386 26quodam
735 3336 764 3388 ςι
784 3323 922 3388 quondam
939 3323 966 3370 Η
993 3322 997 3386 Ι
1024 3319 1072 3388 eb]

111 3387 166 3504 solil
181 3383 340 3503 Giep'pgusvfl
364 3389 396 3439 28
415 3388 439 3438 si
457 3389 518 3440 add.
536 3389 715 3440 Heumanaus:
732 3405 779 3442 om.
792 3390 819 3437 li
842 3388 852 3455 {l
877 3393 909 3442 30
927 3390 1013 3442 malui
1030 3391 1075 3439 W:

110 3470 155 3506 ma
168 3455 209 3506 uit
