2294 3780
111 180 174 244 288
436 181 497 231 x11.
528 179 660 231 PACATI
678 179 759 231 pau.

111 352 203 415 pares
225 329 357 414 perinde
379 330 502 393 laetitia
524 332 560 391 ut
582 328 686 411 dolor,
717 329 744 390 si
766 328 1001 410 deprehendat,
1029 350 1083 392 ex·

111 418 227 480 ternat.
252 437 294 478 an
310 437 375 479 non
389 415 446 477 iila
460 413 608 477 Romana
622 413 752 496 pietatis
774 412 960 476 notissimae
976 416 1085 477 mater

111 500 226 563 nuntio
255 499 330 562 mali
353 498 531 564 Cannensis
559 496 725 578 exterrita,
754 496 820 560 filio
847 499 962 560 reduce
985 518 1082 580 quern

110 585 219 666 flebat,
243 584 376 666 diriguit
394 583 428 645 in
444 584 579 645 mortem
600 602 661 645 nec
675 603 735 664 par
757 602 826 645 esse
841 580 958 664 gaudio
973 582 1083 663 potuit

85 685 192 751 aquae
220 668 421 750 superfuerat
442 665 597 731 orbitati?
642 666 787 729 conscius
809 665 910 748 igitur
933 665 1086 729 caelestis

112 751 222 816 arcani
249 754 282 813 et
303 751 497 814 naturalium
526 750 743 832 depositorum
771 751 872 813 mauis
894 748 1084 812 hominibus

111 834 743 984 11111ζὲξοοῗὲἰῖἓῑὲἓωῃὲῗέἰῗῂἓη
754 833 1083 982 scrutur

74 1107 99 1146 1⁰
111 1005 350 1151 pieppntirlrorum
372 1003 520 1151 uolpptas
542 940 813 1150 uttaodcupatfsic
834 1002 1003 1148 retp'nqupt:
1032 1002 1080 1065 fe-

111 1106 1082 1237 12213222222222102222

111 1258 214 1321 mines
238 1262 314 1321 ante
336 1257 498 1320 nescirent
526 1259 558 1320 et
579 1261 647 1319 turn
670 1256 809 1338 primurn
830 1255 1012 1337 inciperent
1032 1254 1084 1318 fe-

111 1343 232 1406 licitate
249 1342 397 1424 gaudere,
422 1363 494 1405 cum
517 1341 697 1423 coepissent
718 1360 786 1403 esse
806 1339 931 1402 felices:
955 1341 991 1401 tu
1005 1360 1081 1422 pro-

110 1427 267 1489 mittendo
301 1425 493 1508 praestanda
525 1426 679 1488 inuenisti
708 1427 834 1506 tempus
867 1423 951 1505 quod
983 1423 1082 1487 nobis

72 1514 227 1573 anatura
252 1510 466 1592 subtraxerat,
495 1514 531 1572 ut
553 1531 630 1591 quos
659 1509 775 1591 adepta
797 1507 900 1572 solum
921 1507 1082 1572 iuuabant

110 1595 207 1657 etiam
230 1594 436 1678 adipiscenda
457 1593 625 1657 delectent.
1126 1606 1129 1615 '

173 1678 243 1743 XX.
281 1679 356 1743 Pari
378 1679 453 1742 beni
478 1678 579 1742 nitate
602 1699 674 1741 curn
695 1675 804 1759 plures
827 1675 955 1739 afficere
977 1675 1081 1741 hono-

109 1762 197 1825 ribus
219 1763 318 1826 uelles
341 1785 435 1845 quam
454 1700 616 1825 bonorum
641 1763 712 1825 loca
734 1760 942 1824 admitterent
969 1763 1003 1824 et
1023 1782 1080 1824 an-

110 1847 234 1926 gustior
262 1849 346 1908 esset
373 1846 507 1909 materia
536 1847 702 1909 uoluntate
730 1865 791 1908 neo
817 1847 960 1908 mentem
986 1848 1080 1908 tuarn

71 1948 97 1987 ro
110 1929 257 2011 quamuis
280 1929 426 1996 diffusum
453 1933 581 2012 caperet
601 1930 786 2011 imperium,
817 1950 911 2013 quem
932 1928 1079 1992 nondum

110 2013 216 2095 aliquo
236 2014 411 2096 prouexisti
433 2014 534 2097 gradu
550 2017 659 2079 tamen
682 2013 868 2096 dignatione
890 2013 1010 2076 solatus
1033 2035 1078 2077 es.

109 2102 204 2180 atque
231 2097 316 2162 haud
343 2100 408 2162 scio
435 2120 476 2162 an
502 2098 691 2181 quibusdam
718 2097 894 2161 consolatio
922 2097 986 2160 ista
1013 2097 1080 2161 suf·

108 2182 230 2247 fecerit.
274 2183 328 2247 ille
351 2183 575 2248 cohonestatus
598 2184 711 2263 affatu,
738 2180 792 2244 ille
815 2202 928 2245 mensa
949 2181 1077 2264 beatus,

108 2266 163 2330 ille
185 2269 293 2331 osculo
316 2271 519 2332 consecratus
543 2270 601 2331 est.
629 2269 675 2330 ita
698 2266 847 2329 omnibus
869 2266 923 2349 qui
937 2268 970 2329 te
987 2266 1079 2349 prin-

71 2369 96 2408 25
110 2351 179 2434 cipe
201 2352 263 2415 sibi
284 2353 353 2415 iure
375 2353 572 2416 confiderent
600 2354 656 2415 aut
676 2351 833 2434 processit
854 2350 998 2434 dignitas
1021 2354 1079 2414 aut

109 2437 266 2501 satisfecit
286 2436 488 2501 humanitas:
514 2435 711 2517 humanitas,
735 2435 882 2518 inquam,
905 2455 987 2518 quae
1009 2437 1076 2498 tarn

109 2520 196 2583 clara
224 2521 258 2584 in
287 2520 478 2603 imperatore
505 2542 602 2604 quam
629 2542 700 2583 rara
727 2528 785 2583 est.
828 2541 904 2582 nam
934 2541 1005 2583 cum
1027 2519 1076 2582 in·

109 2603 246 2666 discreta
260 2605 403 2668 felicium
418 2604 590 2688 pedisequa
610 2605 653 2668 sit
667 2603 825 2686 superbia,
849 2605 904 2666 uix
926 2606 1076 2686 cuiquam

109 2688 270 2770 contingit
292 2694 325 2751 et
340 2688 501 2752 abundare
518 2688 650 2752 fortuna
673 2691 706 2752 et
720 2688 864 2772 indigere
879 2688 1074 2771 arrogantia

69 2788 95 2828 ιο
109 2771 196 2835 cuius
219 2771 347 2856 quidem
374 2773 420 2835 ita
447 2772 583 2836 maiores
610 2776 738 2837 nostros
761 2775 942 2855 pertaesum
964 2773 1013 2835 est
1039 2775 1077 2834 ut

107 2857 288 2938 grauiorem
315 2878 440 2941 semper
461 2858 646 2941 putauerint
673 2857 826 2921 seruitute
855 2858 1075 2939 contemptum

176 3097 239 3142 lut
257 3111 317 3158 epo:
336 3100 384 3144 aut
401 3099 429 3143 Η
447 3113 479 3145 ao
498 3098 556 3146 edd.
578 3095 588 3159 ΙΙ
612 3097 731 3146 tmaius
749 3097 809 3144 ΔΒ
833 3093 843 3160 11
869 3094 1074 3157 desparataA

107 3157 116 3225 [1
146 3161 360 3212 wantsume
389 3161 399 3227 ΙΙ
430 3165 461 3213 17
479 3164 598 3213 PruriA
627 3162 637 3227 ΙΙ
668 3165 699 3214 18
720 3162 902 3225 augustiorA
931 3158 941 3225 ΙΙ
971 3164 1004 3211 20
1023 3162 1074 3210 dif-

106 3227 197 3278 fusum
215 3230 289 3279 edd:
308 3229 437 3279 diffusam
454 3234 481 3278 Π
510 3229 520 3295 ΙΙ
550 3233 581 3280 21
602 3247 632 3280 es
651 3231 790 3281 solatusc
819 3227 829 3294 ss
858 3231 891 3278 22
911 3228 1073 3292 quibusdam

107 3296 260 3346 consolatio
277 3297 298 3344 B
317 3297 427 3345 0sz
455 3299 554 3362 quibus
576 3298 647 3347 clam
671 3296 867 3347 consularion
897 3294 906 3361 [Ι
936 3298 970 3346 23
993 3296 1073 3346 coho·

106 3368 202 3416 nestun
219 3366 254 3426 1,
276 3364 434 3415 cohortatus
452 3379 477 3413 w
506 3363 516 3430 ΙΙ
545 3367 578 3414 24
596 3364 785 3430 prinoipemA
814 3362 824 3428 ΙΙ
853 3365 886 3414 28
904 3363 1074 3428 pedissequa

107 3434 125 3480 0
143 3437 175 3481 W
197 3431 207 3497 ΙΙ
231 3434 263 3483 29
283 3433 398 3498 contigit
414 3433 435 3481 B
447 3434 470 3480 V
485 3431 489 3494 l
505 3432 624 3483 indicere
644 3434 666 3482 A
689 3430 699 3497 ΙΙ
723 3434 755 3482 30
773 3437 930 3495 pertaesum
948 3432 971 3480 A
984 3431 1073 3482 Bera:

106 3514 214 3565 semper
232 3506 387 3564 pertaesum
403 3500 424 3548 B
441 3502 458 3547 0
477 3500 499 3547 V
515 3501 548 3548 W
571 3500 581 3565 ΙΙ
605 3503 635 3550 31
656 3515 762 3564 semper
781 3501 829 3549 del.
847 3513 872 3547 w
