2294 3780
264 147 475 200 THEODOSIO
492 149 666 200 AUGUSTO
684 150 718 199 D.
739 152 846 200 12-14.
975 148 1039 214 283

69 296 180 359 adulta
208 296 401 361 consuetudo
427 297 578 361 lasciuiae
606 297 841 382 hautquaquam
868 298 965 363 facile
991 300 1038 363 ui·

70 380 198 445 deretur
226 381 485 464 obtemperatura
517 382 708 465 medicinae,
740 404 783 446 ne
811 383 881 467 quis
909 404 943 446 se
970 384 1038 466 pati

69 464 221 528 iniuriam
238 468 376 548 putaret,
400 487 419 528 a
441 471 474 529 te
495 466 628 530 uoluisti
650 467 793 549 incipere
816 488 982 531 censuram
1006 473 1038 531 et

68 548 232 632 impendia
251 549 394 635 palatina
415 550 589 614 minuendo
611 572 671 615 nec
694 552 796 615 solum
819 552 1036 616 abundantem

68 633 239 697 recidendo
263 636 440 717 sumptum,
463 634 518 697 sed
540 634 595 697 uix
617 636 833 699 necessarium
855 635 1064 719 usurpandos

69 717 259 800 dimensum,
284 718 368 800 quod
390 721 505 782 natura
528 718 752 783 difficillimum
775 726 833 803 est,
861 720 1037 785 emendasti

70 801 226 865 uolentes.
267 823 309 865 an
330 802 401 885 quis
423 803 522 866 ferret
542 804 676 867 moleste
698 804 737 867 ad
759 804 915 889 principis
938 808 1039 868 semet

69 885 200 949 modum
222 885 407 950 coherceri?
452 890 507 949 aut
528 888 724 951 subtractum
748 889 808 951 sibi
831 890 954 953 doleret
974 889 1038 972 pri·

69 973 145 1033 uata
171 970 311 1054 luxuria,
344 992 417 1035 eum
444 971 569 1034 uideret
595 972 821 1054 imperatorem
849 994 955 1036 rerum
982 994 1038 1056 po·

69 1057 202 1137 tentem,
225 1058 383 1118 terrarum
401 1054 629 1139 hominumque
650 1055 823 1138 dominum,
846 1078 941 1140 parce
964 1078 1038 1121 con·
1052 1078 1079 1119 ro

69 1142 221 1221 tenteque
242 1139 421 1217 uiuentem,
444 1139 569 1203 modico
592 1143 625 1203 et
648 1141 804 1204 castrensi
827 1141 897 1204 cibo
919 1141 1039 1203 ieiunia

70 1222 170 1306 longa
203 1224 376 1307 solantem3
414 1223 454 1286 ad
481 1223 543 1288 hoc
577 1225 681 1287 aulam
715 1245 842 1288 omnem
872 1223 1038 1307 Spartanis

69 1307 248 1391 gymnasiis
279 1308 454 1389 duriorem,
488 1308 606 1371 laboris
634 1308 809 1392 patientiae
841 1308 1038 1392 frugalitatis

70 1390 225 1473 exemplis
248 1391 484 1473 abundantem3
517 1393 678 1456 neminem
700 1414 800 1456 unum
822 1392 961 1455 inueniri
983 1392 1039 1475 qui

70 1474 204 1538 auderet
229 1475 268 1538 ad
290 1497 410 1559 penum
432 1476 552 1560 regiam
574 1476 721 1560 flagitare
746 1480 944 1540 remotorum
965 1475 1037 1539 lito·
1050 1495 1078 1535 rs

68 1579 142 1706 pium
156 1559 288 1705 pipcem,
308 1559 470 1644 peregrini
486 1561 568 1624 aeris
582 1561 754 1643 uolucrem,
776 1560 872 1624 alieni
886 1560 1038 1643 temporis

93 1664 181 1706 orem

134 1725 223 1790 XIV.
268 1727 353 1791 Nam
376 1728 506 1792 delicati
527 1728 575 1791 illi
598 1749 635 1792 ac
656 1728 807 1811 fluentes,
833 1728 942 1812 quales
963 1727 1039 1791 tulit

70 1832 174 1907 saepe·
193 1832 244 1875 res
271 1811 413 1894 publica,
447 1834 561 1896 parum
595 1834 628 1876 se
654 1813 761 1877 lautos
791 1814 949 1897 putabant
975 1812 1038 1875 nisi

69 1895 197 1959 luxuna
218 1896 367 1960 uertisset
388 1918 518 1979 annum,
540 1897 603 1960 nisi
626 1897 779 1963 hibernae
800 1898 925 1981 poculis
947 1918 1079 1961 rosaero

71 1979 282 2061 innatassent,
307 1980 371 2044 nisi
394 1982 548 2045 aestiuam
570 1982 606 2043 in
622 1983 758 2064 gemmis
780 1983 950 2065 capacibus
970 1981 1038 2064 gla-

72 2064 153 2129 ciem
169 2065 307 2127 Falerna
327 2064 511 2148 fregissent.
540 2064 655 2129 horum
674 2066 770 2147 gulae
792 2067 948 2147 angustus
971 2069 1040 2127 erat

70 2152 180 2212 noster
208 2148 304 2212 orbis.
347 2170 484 2231 namque
512 2150 673 2231 appositas
697 2148 795 2231 dapes
821 2169 887 2210 non
915 2167 1038 2228 sapore,

71 2232 127 2296 sed
148 2236 278 2316 sumptu
300 2233 506 2297 aestimantes
528 2232 592 2295 illis
611 2232 739 2296 demum
762 2230 841 2295 cibis
863 2232 1040 2314 acquiesce·

71 2317 153 2380 bant
175 2337 253 2399 quos
276 2321 436 2380 extremus
458 2317 564 2380 oriens
592 2321 646 2380 aut
666 2317 790 2400 positus
813 2318 903 2379 extra
924 2314 1039 2377 Roma-
1052 2333 1078 2374 aa

71 2422 149 2465 num
165 2399 303 2465 Colchus
325 2401 495 2484 imperium
518 2404 572 2464 aut
592 2400 718 2464 famosa
739 2398 917 2483 naufragiis
938 2398 1040 2461 maria

71 2485 251 2566 misissent,
286 2506 364 2567 quos
393 2485 516 2548 inuitae
545 2484 775 2568 quodammodo
804 2482 1040 2566 reluctantique

71 2571 206 2633 naturae
244 2568 410 2632 hominum
447 2569 568 2652 pericla
607 2571 798 2652 rapuissent.
848 2570 884 2631 ut
915 2572 1041 2630 taceam

70 2652 187 2716 infami
215 2673 309 2735 saepe
338 2652 455 2716 dilectu
484 2654 619 2737 scriptos
646 2655 682 2718 in
707 2652 884 2737 prouinciis
911 2652 1041 2734 aucipes

72 2736 246 2819 ductasque
274 2736 333 2799 sub
362 2736 463 2820 signis
491 2740 681 2801 uenatorum
711 2737 858 2801 cohortes
886 2736 1040 2799 militasse
1053 2753 1079 2794 ao

141 2994 157 3042 3
180 2995 207 3040 et
230 2993 279 3041 del.
299 3004 324 3038 w
353 2988 364 3055 ΙΙ
393 2993 409 3041 b
431 2989 578 3041 recidendo
598 2990 739 3040 Gronouius
757 2990 809 3039 obs.
829 2989 862 3038 II
884 3005 905 3040 r.
927 2993 974 3038 22:
1002 3004 1040 3039 re-

70 3058 177 3109 iciendo
195 3060 222 3106 11
245 3056 255 3123 ΙΙ
280 3060 295 3108 7
313 3057 436 3107 nolentes
453 3060 487 3106 W
511 3055 520 3122 ΙΙ
550 3059 566 3108 8
584 3057 638 3108 dol.
659 3057 692 3107 de
710 3058 823 3122 priuata
840 3058 900 3107 edd.
918 3058 973 3107 dol.
992 3058 1040 3107 sti-

71 3125 201 3192 pendium
219 3126 330 3190 priuata
347 3125 424 3190 Cusp.
460 3125 470 3190 ΙΙ
505 3127 537 3174 ta
560 3125 710 3184 solantem3
728 3127 762 3173 W
783 3140 863 3189 murp.
887 3120 917 3174 al
933 3124 1043 3175 soluen-

71 3200 129 3244 tem
160 3191 170 3258 ΙΙ
201 3195 232 3243 13
255 3194 390 3258 ginnasiis
407 3192 439 3240 W
469 3191 479 3257 ΙΙ
510 3194 542 3242 18
565 3192 658 3255 quales
676 3194 823 3242 Liuineius:
850 3196 877 3241 et
900 3191 994 3256 quales
1013 3193 1042 3239 1

74 3259 87 3326 {l
118 3263 150 3311 21
173 3261 282 3311 aestiua
304 3287 337 3296 —
359 3260 450 3325 glacie
471 3261 530 3309 edd.
560 3256 570 3322 ΙΙ
599 3262 632 3308 ‘2⁶2
655 3267 789 3323 augustus
811 3261 834 3309 A
863 3258 874 3324 l
903 3262 936 3309 24
957 3260 1042 3307 aesti-

70 3333 182 3379 mantes
204 3331 227 3379 A
248 3329 339 3378 Bert:
368 3344 415 3379 om.
438 3327 585 3375 BOVW
608 3326 792 3377 metiebantur
814 3340 839 3374 w
871 3325 881 3390 ΙΙ
915 3326 948 3374 28
970 3324 1042 3388 peri·

72 3396 136 3446 cula
154 3397 175 3445 B
193 3398 211 3445 0
228 3396 250 3444 V
267 3397 301 3443 W
332 3392 343 3458 11
376 3397 410 3445 29
433 3394 582 3445 delectat
614 3396 618 3458 Ι
650 3409 771 3459 aucupes
788 3407 813 3441 w
847 3391 857 3457 ΙΙ
891 3395 924 3443 30
941 3391 1042 3441 dictas·

73 3478 127 3529 que
142 3466 176 3512 W
