2294 3780
281 146 463 200 sansana.
481 148 692 204 lrlxrnmru.
714 152 805 201 7-10.
968 149 1028 212 109

57 297 156 363 istinc
178 297 304 361 fabulas
326 298 556 381 imperitorum,
580 320 689 362 uerum
712 299 891 381 loquamur:
921 304 1027 364 uestra

58 382 154 447 uobis
175 382 294 465 pietas,
324 383 539 446 sacratissime
558 384 744 467 imperator,
772 383 917 447 uolucres
941 385 1027 447 dedit

59 487 185 532 cursus.
230 467 347 530 etenim
375 488 447 531 cum
468 467 551 531 nihil
578 468 621 531 sit
643 468 750 531 animo
771 468 911 532 uelocius
918 517 927 549 ‚
957 489 1025 551 nos,

58 572 197 649 quorum
224 551 340 635 igneae
364 552 621 634 immortalesque
648 554 773 615 mentes
800 552 931 616 minime
958 573 1027 616 sen-

59 639 148 700 bunt
170 656 337 720 corporum
360 656 481 718 moras,
508 635 651 719 peruecti
678 636 754 700 estis
781 636 821 700 ad
844 657 901 700 uos
923 638 1053 700 mutuis

60 720 210 784 desiderii
233 719 405 784 celeritate.

124 803 184 871 IX.
221 803 283 869 Sed
305 825 369 887 qua
390 803 522 868 tandem
544 806 615 869 uice
636 804 837 887 temporum?
864 826 927 888 qno
949 810 1028 869 tern-

60 889 198 973 pestatis
229 887 367 952 habitu?
409 909 525 972 nempe
558 888 663 952 hieme
694 890 880 953 saeuissime
913 892 945 953 et
978 890 1029 954 his

60 993 188 1057 qnoque
210 972 395 1056 regionibus
416 974 578 1054 inusitata,
604 995 676 1037 cum
698 995 792 1059 agros
809 974 938 1058 glacies,
961 975 1029 1059 gla-

61 1057 144 1122 ciem
171 1056 264 1121 niues
290 1061 475 1140 premerent
507 1059 605 1121 caelo·
624 1057 746 1140 pariter
772 1080 810 1121 ac
838 1060 932 1122 terris
960 1060 1067 1122 uni-10

60 1141 218 1206 formibus
248 1163 382 1225 cumque
403 1142 465 1225 ipsi
488 1141 650 1208 anhelitus
670 1140 838 1206 hominurn
867 1144 951 1206 eirca
973 1165 1030 1206 sua

61 1247 119 1290 ora
147 1226 289 1291 concreti
313 1227 420 1311 rigore
449 1231 665 1293 senescerent.
709 1226 798 1305 adeo,
829 1230 943 1289 utres
970 1231 1029 1306 est,

61 1310 215 1375 aduersus
241 1310 479 1374 inclementiam
508 1311 648 1375 locorum
675 1332 713 1374 ao
740 1310 878 1374 siderum
905 1314 1029 1374 nestrae

61 1416 121 1459 nos
140 1395 319 1459 maiestatis
334 1397 480 1478 potentia
496 1395 645 1459 tuebatur
666 1397 703 1458 ut
719 1394 832 1458 ceteris
847 1394 1030 1458 hominibus

61 1487 160 1562 atque
187 1479 373 1563 regionibus
400 1480 433 1542 ui
460 1479 615 1564 frigorum
643 1479 783 1543 astrictis
809 1483 841 1542 et
869 1480 1030 1563 oppressis
1044 1500 1069 1540 15

62 1585 123 1627 uos
144 1563 228 1627 solos
250 1584 345 1628 aurae
367 1564 455 1628 lenes
477 1565 631 1647 uerniqne
650 1563 743 1628 flatus
766 1570 798 1628 et
813 1562 951 1628 diductis
973 1586 1030 1627 nu·

61 1648 158 1712 bibus
176 1648 216 1711 ad
231 1648 348 1712 itinera
365 1652 472 1712 uestra
487 1648 605 1713 derecti
621 1648 697 1712 solis
713 1648 792 1712 radii
807 1653 1030 1732 sequerentur:

62 1736 158 1797 tanta
178 1732 334 1797 facilitate
360 1732 417 1796 illa
444 1755 525 1816 quae
547 1738 624 1797 tunc
646 1733 719 1796 aliis
739 1734 871 1797 fuerunt
891 1734 1031 1798 inacccs-

63 1816 172 1882 sibilia
207 1818 380 1900 superastis
414 1821 509 1901 atque
545 1818 620 1881 inde
647 1817 761 1899 Iulias,
800 1817 877 1883 hinc
907 1817 1031 1884 Cottias

63 1901 164 1985 Alpes
187 1902 277 1984 quasi
298 1902 427 1966 relictas
455 1905 545 1965 aestu
568 1923 680 1966 arenas
701 1904 880 1986 patentium
902 1904 1031 1967 litorum
1045 1924 1070 1963 ao

63 1987 311 2051 transcurristis.
356 1989 432 2050 eant
459 2007 546 2050 nunc
570 2009 676 2050 rerum
704 1991 848 2052 ueterum
870 1988 1032 2071 praedica-

64 2074 151 2135 tores
180 2073 212 2133 et
233 2069 452 2135 Hannibalem
474 2070 565 2134 illum
587 2071 695 2134 multis
717 2071 879 2134 laboribus
901 2092 1031 2154 magna-

64 2176 127 2239 que
150 2157 308 2219 exercitus
335 2155 384 2218 sui
407 2155 618 2219 diminutione
640 2156 741 2238 Alpes
763 2159 947 2237 penetrasse
974 2155 1032 2216 mi·

64 2241 194 2303 rentur!
238 2260 311 2321 uos,
347 2240 553 2304 inurctrssrmr
586 2242 808 2323 imperatores,
845 2260 944 2321 prope
973 2238 1033 2300 soli

64 2322 199 2406 Alpium
241 2324 308 2387 uias
346 2323 490 2389 hibernis
531 2324 659 2387 niuibus
701 2323 877 2386 obstructas
914 2321 1033 2384 diuinis
1046 2340 1072 2381 aa

64 2406 214 2491 uestigiis
236 2408 417 2491 aperuistis,
441 2413 477 2471 ut
493 2410 653 2492 quondam
668 2407 822 2470 Hercules
844 2428 902 2490 per
923 2405 1033 2470 eadem

66 2492 124 2556 illa
146 2492 286 2556 culmina
307 2492 460 2557 Hiberiae
483 2494 585 2576 spolia
607 2492 811 2556 incomitatus
835 2491 976 2556 abduxit.

130 2574 171 2639 X.
216 2575 313 2656 Tum,
343 2578 371 2640 si
398 2577 547 2641 fortunae
577 2597 753 2659 causaeque
775 2575 968 2641 Hannibalis
997 2597 1034 2639 ac

65 2664 246 2724 uestrorum
265 2661 414 2725 itinerum
438 2666 672 2744 comparentur,
695 2666 816 2744 quanto
831 2662 911 2725 haec
928 2665 1035 2725 uestra

19 2745 26 2755 ’
67 2743 115 2807 dis
137 2744 382 2829 hominibusque
404 2747 584 2828 acceptiora
606 2745 705 2810 sunt?
741 2749 859 2827 quanto
882 2745 974 2808 laude
997 2765 1035 2808 ao
1048 2762 1073 2803 ao

66 2828 264 2911 sempiterna
286 2831 438 2894 memoria
461 2830 632 2915 digniora?
661 2832 738 2893 tunc
761 2829 869 2893 Poeno
892 2851 931 2893 ex
952 2850 1035 2892 sum-

138 3070 154 3116 2
167 3084 224 3120 sac.
238 3069 301 3133 imp.
314 3070 341 3117 Η
354 3066 364 3134 ΙΙ
376 3071 392 3119 5
405 3071 527 3134 corporis
540 3071 556 3119 0
571 3069 576 3132 Ι
591 3069 712 3134 prouecti
724 3069 747 3117 A
759 3067 769 3133 ΙΙ
782 3070 797 3119 8
811 3069 854 3118 his
867 3069 889 3117 A
900 3068 930 3116 W
942 3067 1036 3117 Bert:

66 3138 96 3186 in
110 3134 154 3186 his
167 3136 241 3184 BGV
253 3133 263 3201 ΙΙ
276 3139 291 3187 9
304 3151 386 3200 agros
396 3136 488 3201 Cuma..-
501 3136 614 3201 algorll
628 3137 633 3200 j
649 3136 765 3200 glaciem
779 3137 858 3186 niues
867 3135 1037 3187 lavacra..-

68 3204 177 3268 glacies
188 3205 305 3254 niuemu
318 3220 378 3255 eum
389 3203 576 3269 algorglacies
587 3205 785 3268 niussprem.w
797 3202 807 3268 ΙΙ
821 3206 852 3254 13
863 3203 1038 3253 clementiam

68 3275 87 3321 0
100 3270 111 3336 fl
124 3272 157 3321 14
169 3267 213 3339 nt]
228 3276 256 3321 et
269 3273 328 3322 edd.
343 3269 353 3336 ΙΙ
367 3273 398 3320 16
410 3271 486 3321 lenes
499 3274 544 3320 W:
563 3272 639 3321 leues
651 3271 749 3321 Aaou
764 3273 768 3334 Ι
784 3270 901 3321 diductis
914 3271 936 3319 A
947 3271 1037 3324 liert..-

68 3340 197 3390 deductis
209 3339 320 3389 ΝΠ]
337 3337 348 3404 11
367 3342 397 3390 17
412 3340 509 3389 directi
520 3341 548 3386 Η
562 3337 567 3405 Ι
583 3344 763 3403 sequerentur
775 3355 837 3402 epo:
855 3338 1038 3403 sequebantur

69 3409 96 3456 1
112 3404 123 3472 fl
141 3409 173 3458 18
186 3407 240 3457 alis
252 3407 325 3456 ΔΝ
340 3413 344 3469 Ι
361 3407 472 3457 luerunt
482 3407 520 3455 H.
532 3407 666 3457 Racilius:
680 3407 771 3457 forent
782 3408 809 3455 Η
822 3403 969 3469 (florentA)
983 3403 992 3469 Η
1006 3407 1038 3455 28

68 3472 138 3542 tum]
158 3481 253 3526 tamen
271 3474 303 3523 W
318 3473 329 3539 ΙΙ
345 3477 378 3525 30
397 3479 500 3540 quanta
518 3474 600 3525 laude
618 3475 645 3522 Η
662 3471 672 3538 ΙΙ
689 3476 721 3525 31
740 3489 811 3540 pene
828 3474 880 3521 BV
