2294 3780
101 191 164 255 256
444 193 491 242 xi.
520 191 728 241 uraunarnu

103 343 186 406 hanc
214 342 324 405 urbem
348 341 511 404 frumenta
537 340 710 404 uenissent.
755 361 814 402 nos
841 359 954 402 uocem
980 338 1072 402 illam

102 427 171 490 noti
194 427 309 489 amoris
332 426 368 490 in
382 427 521 508 patriam
538 426 740 508 putabamUS,
763 445 834 488 cum
855 422 1072 507 proditionem

102 511 201 575 futuri
233 510 403 574 uerborum
439 510 574 593 ambago
607 509 740 573 celaret:
785 511 849 572 iam
882 511 951 570 tum
985 508 1073 571 enim

103 600 256 660 uenturae
278 593 442 657 felicitatis
471 596 620 656 euentum
650 592 796 656 conscius
818 591 922 656 diuini
944 592 1072 656 animus

79 705 91 744 5
104 677 321 762 praeuidebat

167 761 237 826 XV.
290 761 343 826 (lis
364 761 516 843 pauculos
539 761 605 824 dies
634 761 669 823 in
694 782 814 824 nouum
843 783 880 824 ac
902 760 1074 824 florentem

103 849 224 911 statum
245 845 428 929 republica
451 846 608 924 restituta,
633 867 723 908 sacra
744 864 834 908 mens
857 845 897 907 ad
912 845 1075 909 honorum

103 931 234 1014 fastigia
255 933 288 994 et
302 931 549 1014 magistratuum
569 932 758 994 ornamenta
771 930 920 1012 respexit.
949 929 1075 993 uersari

105 1016 210 1098 eoepit
232 1015 266 1078 in
289 1016 372 1078 sacri
393 1015 531 1097 pectoris
554 1014 683 1077 comitio
705 1014 897 1077 consulatue.
926 1013 1004 1096 quid
1026 1033 1074 1076 se·

67 1124 92 1162 10
106 1103 197 1163 cutus
218 1101 261 1162 sit
275 1100 344 1182 ipse
366 1100 426 1162 soit
441 1104 474 1162 et
489 1119 569 1181 quae
586 1101 702 1162 cuncta
717 1097 851 1161 consilia
871 1097 938 1161 eius
953 1097 1076 1182 gaudet

105 1184 242 1248 formare
265 1184 426 1248 diuinitas.
457 1184 495 1246 de
519 1182 665 1246 omnibus
687 1182 824 1245 Romani
846 1182 972 1265 imperii
995 1181 1075 1246 uiris

104 1269 226 1351 primus
255 1268 373 1333 electus
400 1289 485 1350 sum,
524 1289 595 1330 cum
622 1265 778 1330 honorem
811 1288 917 1329 meum
947 1265 1076 1330 adoreis

105 1353 297 1416 militaribus
319 1352 474 1436 gloriosus
498 1351 621 1434 collega
643 1350 828 1414 cumularet.
857 1350 980 1434 gratias
1002 1351 1074 1434 tibi,

105 1438 237 1522 gratias,
261 1437 446 1518 imperator,
471 1437 498 1500 si
520 1435 635 1500 mereri
657 1457 707 1499 me
724 1435 896 1517 credidisti,
919 1439 952 1498 et
966 1435 1075 1518 plures

68 1541 92 1580 15
146 1522 238 1603 adas,
262 1521 446 1603 imperator,
471 1521 639 1585 sitantum
656 1520 770 1583 amasti
793 1522 829 1583 ut
844 1540 894 1583 me
911 1520 1076 1584 consulem

120 1626 227 1668 aceres
253 1605 351 1668 etiam
378 1625 445 1668 non
467 1608 653 1668 merentem.
699 1625 759 1667 neo
780 1606 893 1687 ignoro
916 1604 1075 1668 maximos

105 1690 241 1752 honores
270 1689 310 1752 ad
331 1711 446 1772 parum
474 1689 589 1772 dignos
617 1689 752 1772 penuria
779 1688 945 1752 meliorum
973 1690 1076 1753 solere

106 1773 233 1853 deferri,
258 1774 394 1836 sednon
416 1794 530 1836 uereor
551 1794 592 1836 ne
635 1773 683 1836 uis
705 1772 927 1836 maliuolorum
948 1774 984 1836 in
1001 1794 1076 1837 con-

106 1854 212 1917 sulatu
233 1877 304 1918 meo
327 1855 359 1918 id
382 1859 525 1919 autumet
546 1795 707 1919 accidisse.
737 1857 762 1920 si
787 1856 936 1940 quiahoc
957 1857 1075 1921 liuidus

68 1958 94 1997 ao
107 1939 242 2019 iactitat,
259 1939 329 2021 ipso
340 1944 484 2022 tempore
498 1940 670 2025 refutatum
687 1941 839 2004 aduersus
850 1963 945 2024 quem
957 1941 1075 2005 dixisse

107 2023 184 2086 satis
213 2027 278 2086 est:
315 2025 379 2087 iam
407 2027 476 2088 tum
504 2025 641 2108 principi
669 2029 778 2088 nostro
802 2025 906 2089 Roma
927 2026 1074 2108 parebat.

106 2107 204 2190 quid?
228 2108 312 2191 quod
333 2108 415 2172 nihil
434 2111 578 2193 speranti
600 2108 679 2173 mihi
694 2110 732 2172 de
748 2109 878 2173 honoris
901 2112 1075 2194 augmento

109 2197 224 2275 (neque
247 2194 333 2256 enim
354 2193 439 2258 ultra
454 2196 690 2276 praefecturam
712 2215 745 2263 se
762 2198 909 2258 uotorum
932 2216 1075 2258 meorum

107 2277 263 2341 modestia
278 2278 476 2361 porrigebat)
499 2280 661 2362 perfertur
683 2279 814 2342 nuntius
838 2279 1002 2342 consulem
1024 2301 1075 2343 me

69 2379 95 2419 aa
109 2365 251 2425 creatum
276 2363 346 2426 sine
368 2363 545 2446 impendio,
575 2363 747 2447 quodiam
769 2363 823 2426 diu
845 2362 971 2446 paucis3
1004 2363 1075 2427 sine

107 2445 225 2528 labore,
249 2446 334 2528 quod
355 2468 541 2531 numquam3
569 2450 638 2511 sine
660 2448 824 2529 petitione,
847 2447 931 2530 quod
952 2447 1075 2511 nemini

107 2532 217 2593 euenit.

170 2612 260 2677 XVI.
314 2613 392 2688 Quis
420 2615 547 2695 ignorat
573 2617 641 2676 tum
669 2636 808 2698 quoque,
838 2636 909 2679 cum
937 2615 1074 2678 honores

108 2696 218 2778 populi
235 2695 373 2760 Romani
396 2696 554 2779 suffragiis
575 2698 821 2781 mandabantur,
844 2699 961 2763 multos
976 2698 1075 2762 fuisse

69 2799 95 2838 ao
110 2779 349 2845 candidatorum
373 2781 519 2862 labores?
564 2782 734 2846 ediscenda
762 2784 903 2846 omnium
931 2784 1074 2865 nomina,

107 2865 253 2931 tributim
268 2866 411 2930 homines
427 2870 522 2949 atque
540 2866 635 2929 etiam
650 2867 770 2951 singuli
786 2867 956 2949 salutandi,
981 2889 1075 2952 pren-

176 3171 192 3216 4
215 3176 343 3219 euentum
361 3172 384 3219 A
401 3170 489 3220 Bert:
513 3187 560 3221 om.
582 3173 601 3220 Β
620 3175 637 3219 0
656 3174 677 3219 V
695 3173 727 3220 W
756 3171 765 3237 ῙΙ
795 3175 810 3221 8
834 3173 950 3238 fastigia
967 3174 1004 3222 A:
1026 3189 1075 3224 om.

108 3236 238 3284 BGVW
259 3234 268 3301 ΙΙ
296 3240 325 3287 10
343 3252 411 3302 quae
430 3243 529 3288 cuneta
546 3241 654 3302 scripsi:
673 3255 860 3306 quaecumque
877 3243 906 3288 Π
928 3237 939 3305 ΙΙ
965 3244 996 3290 15
1015 3257 1077 3307 gra-

108 3304 176 3354 tiam
195 3306 212 3353 0
242 3300 252 3368 ΙΙ
282 3305 314 3354 18
333 3305 480 3356 consulatu
498 3321 556 3356 meo
573 3307 594 3353 Β
612 3309 629 3356 0
648 3308 670 3354 V
687 3321 711 3356 w
729 3306 819 3358 Bere:
840 3307 986 3358 consulatu
1004 3323 1036 3358 eo
1054 3310 1078 3359 Δ

111 3368 123 3437 ll
153 3374 183 3423 19
202 3371 315 3423 liuidius
333 3374 352 3421 Β
371 3376 388 3421 0
406 3373 428 3419 V
445 3373 478 3420 W
501 3371 510 3439 ll
534 3375 565 3422 21
585 3372 654 3437 tum]
674 3379 763 3424 tamen
781 3377 840 3425 cdd.
869 3377 954 3426 nescio
972 3392 1007 3425 an
1024 3392 1077 3427 me·
1100 3368 1104 3375 ’

108 3442 157 3489 lius
185 3438 195 3505 ΙΙ
224 3443 257 3490 22
275 3442 450 3506 spectantiB
473 3441 656 3504 separatimc
685 3439 695 3506 ΙΙ
725 3445 758 3492 24
775 3443 911 3506 prefertur
928 3445 949 3492 B
967 3444 985 3491 0
1002 3444 1025 3492 V
1043 3444 1078 3494 W

44 3548 50 3559 .
101 3502 123 3571 ll
143 3508 176 3559 27
193 3509 286 3560 euenit
304 3510 407 3560 addidi:
426 3524 472 3562 om.
491 3509 518 3556 Μ
541 3505 551 3572 ΙΙ
575 3511 607 3559 31
626 3509 756 3559 tributum
774 3512 796 3559 Δ
814 3512 833 3559 Β
852 3512 869 3557 0
885 3509 889 3576 Ι
905 3526 1000 3562 omnes
1017 3524 1043 3560 w
