2294 3780
228 134 446 187 GRATIARUM
464 134 575 187 ACTIO
592 136 756 188 IULIANO.
776 139 885 187 22-24.
977 135 1040 200 ‘263

69 285 223 348 manibus
267 285 467 367 excolamus,
516 284 597 348 haec
640 285 809 348 illaborata
853 288 1039 349 nascuntur.

69 371 191 452 quanto
219 367 344 432 felicior
385 372 494 433 nostra
527 368 685 433 conditio!
731 373 851 452 quanto
879 369 1040 433 beatitudo

70 454 303 537 praestantior!
340 474 405 516 non
433 454 523 536 spica
545 453 684 534 triticea,
716 474 782 516 non
804 454 884 517 uiles
906 475 1040 516 unarum

71 538 204 616 racemi,
242 536 298 600 sed
326 558 402 620 opes
429 542 523 621 atque
552 537 683 601 dirutiae
711 537 793 601 nihil
822 537 1040 601 laborantibus

71 623 281 706 ingeruntur3
323 622 506 705 prouinciae
538 621 759 704 praefecturae
791 622 894 685 fasces
927 626 1066 704 spontea

71 705 278 788 proueniunt.
316 709 363 787 tu,
386 711 432 788 tu,
456 706 597 789 inquam,
622 707 760 770 maxime
782 707 965 789 imperator,
990 728 1040 770 ex·

72 790 198 853 uiantes
221 790 442 874 relegatasque
465 791 600 854 uirtutes
630 791 669 853 ad
694 813 762 854 rem
782 791 944 874 publicam
966 811 1041 874 quo-

73 873 146 937 dam
162 873 363 957 postliminio
385 874 550 957 reduxisti,
574 878 609 938 tu
625 875 767 939 extincta
785 877 849 938 iam
864 875 1041 939 litterarum

73 958 179 1022 studia
200 958 384 1039 flammasti,
407 963 443 1021 tu
464 957 701 1042 philosophiam
717 960 814 1041 paulo
837 962 911 1023 ante
935 980 1041 1042 suspe-

74 1046 159 1106 ctam
182 1064 220 1106 ac
239 1063 305 1106 non
321 1042 425 1105 solum
448 1065 462 1106 s
486 1044 618 1107 oliatam
636 1042 822 1125 honoribus,
845 1043 900 1106 sed
916 1065 1041 1107 accusa·
1056 1066 1081 1105 ro

74 1131 142 1190 tam
159 1148 196 1190 ac
210 1148 299 1189 ream
319 1148 385 1190 non
402 1065 496 1190 morib
511 1127 627 1191 iudicio
642 1126 796 1205 liberasti,
820 1127 874 1196 sed
891 1129 1042 1191 amictam

55 1222 232 1295 purpura,
256 1231 334 1274 auro
356 1212 554 1296 gemmisque
576 1211 759 1275 redimitam
782 1211 818 1274 in
839 1211 941 1295 regali
963 1212 1042 1275 solio

73 1295 249 1359 collocasti.
295 1295 454 1378 suspicere
477 1296 540 1359 iam
567 1297 601 1358 in
625 1295 747 1358 caelum
770 1295 846 1359 licet
868 1299 901 1358 et
923 1295 1042 1359 securis

72 1378 285 1463 contemplari
320 1382 407 1443 astra
433 1379 607 1443 luminibus
614 1430 622 1462 ,
656 1381 710 1461 qui
738 1379 832 1462 paulo
867 1381 941 1442 ante
968 1400 1042 1462 pro·

73 1484 187 1526 norum
217 1466 311 1548 atque
334 1463 573 1546 quadrupedum
602 1464 814 1527 animantium
835 1463 899 1526 ritu
926 1462 961 1525 in
983 1462 1042 1525 hu·
1055 1484 1081 1524 rs

73 1568 162 1611 mum
185 1549 273 1611 uisus
295 1548 437 1630 trepidos
459 1548 647 1631 figebamus.
693 1550 762 1630 quis
789 1549 873 1610 enim
896 1550 1042 1630 spectare

73 1631 207 1696 auderet
229 1635 334 1696 ortum
356 1632 483 1713 sideris,
513 1633 582 1715 quis
605 1631 776 1695 occasum?
821 1654 862 1695 ne
885 1632 1043 1695 aorieolae

73 1715 213 1800 quidem,
259 1737 369 1780 uorum
385 1737 482 1799 opera
503 1716 541 1778 ad
557 1719 661 1779 motus
677 1717 841 1800 signorum
858 1682 1043 1779 catlastium

72 1737 283 1883 temperante
301 1805 388 1883 sunt,
409 1803 636 1883 tempestatum
650 1801 818 1885 praesagia
832 1801 1042 1865 rimabantur.

74 1884 138 1967 ipsi
166 1885 312 1967 monitae,
341 1886 396 1968 qui
418 1889 591 1949 nocturnos
621 1906 730 1950 cursus
759 1886 799 1949 ad
823 1889 908 1950 astra
936 1884 1082 1949 mode-ao

74 1971 202 2051 rantur,
239 1968 404 2033 stellarum
435 1970 627 2033 mominibus
655 1970 869 2034 abstinebant.
912 1990 1044 2052 prorsus

72 2056 161 2117 terra
182 2053 327 2137 marique
349 2075 416 2117 non
439 2054 563 2118 ratione
587 2053 732 2136 caelest-i,
764 2055 819 2116 sed
843 2075 917 2116 casu
940 2074 976 2116 ac
998 2057 1043 2116 te·

75 2159 162 2202 mere
183 2138 362 2201 uiuebatur.

139 2219 259 2286 XXIV.
294 2220 387 2285 Nihil
407 2222 506 2306 igitur
528 2222 644 2285 mirum
668 2224 726 2301 est,
751 2220 935 2301 imperator,
960 2219 1045 2301 quod

73 2308 187 2370 tantus
209 2326 299 2368 amor
322 2310 443 2369 ettam
465 2327 559 2369 uerus
582 2306 616 2369 in
638 2308 670 2368 te
694 2304 812 2368 ciuium
834 2303 948 2367 feruet.
990 2325 1044 2367 ne·
1057 2322 1083 2364 aa

74 2411 136 2474 que
162 2389 248 2454 enim
270 2390 370 2453 ullum
395 2394 467 2473 post
489 2389 634 2453 homines
661 2391 753 2452 natos
775 2391 853 2471 puto
875 2389 968 2450 tanto
991 2407 1044 2470 ge-

73 2474 161 2538 neris
183 2472 316 2537 humani
339 2473 451 2538 ardore
472 2474 633 2540 dilectum.
663 2476 841 2536 ceterorum
863 2493 976 2555 regum
998 2474 1045 2534 at

74 2579 137 2641 que
152 2559 380 2641 imperatorum
402 2559 550 2622 caritates
567 2556 735 2622 admodum
754 2578 844 2620 rarae
859 2555 1045 2640 neutiquam

75 2643 245 2706 diuturnae
266 2643 405 2707 fuerunt.
445 2644 480 2706 in
503 2643 633 2706 summis
657 2643 742 2707 enim
764 2641 931 2707 hominum
952 2641 1044 2705 habi·

73 2730 186 2790 tauere
213 2728 396 2811 pectoribus
424 2727 530 2791 subita
558 2732 590 2791 et
615 2728 698 2790 forte
726 2731 803 2791 nata
825 2724 1084 2791 beniuolentiam

145 2918 161 2966 3
179 2916 254 2981 spira
271 2913 316 2980 ΔΙΙ
333 2918 349 2965 4
366 2915 436 2965 nihil
454 2914 541 2965 labor.
559 2916 615 2979 ing.
634 2914 792 2976 prouinciae
810 2929 855 2962 om.
869 2914 903 2960 W
920 2910 930 2976 ll
947 2915 961 2961 7
981 2926 1046 2978 quo-

75 2983 141 3032 dam
159 2986 240 3033 om.A
256 2982 270 3048 ll
286 2986 317 3033 10
335 2999 388 3033 non
407 2982 493 3033 solum
511 2984 534 3030 A
553 2982 641 3034 Bert:
660 2981 757 3028 nedum
774 2979 903 3027 BGVW
920 2978 929 3044 ΙΙ
949 2982 978 3029 11
999 2976 1044 3046 ac]

77 3056 105 3100 et
124 3051 147 3096 V
164 3051 197 3098 W
225 3049 235 3116 ΙΙ
267 3053 298 3100 14
315 3066 460 3114 prunorum
477 3052 498 3098 B
517 3051 539 3096 V
557 3049 588 3096 W
606 3048 696 3099 liert:
717 3061 894 3111 prunorumq3
912 3049 935 3096 A
954 3063 1047 3112 pomo·

75 3118 176 3167 rumc
211 3116 221 3183 ΙΙ
256 3121 287 3168 15
310 3118 435 3182 quadrip.
459 3119 482 3166 A
511 3115 520 3181 ll
557 3119 587 3166 18
611 3130 724 3179 quorum
766 3113 894 3163 uidemc
921 3113 925 3175 l
957 3119 1047 3164 motus

74 3187 186 3249 scripsi:
204 3191 305 3235 motum
324 3187 351 3233 Μ
374 3184 384 3249 ΙΙ
408 3189 441 3235 ‘20
460 3192 561 3235 nautae
581 3185 600 3232 Β
620 3185 636 3230 0
656 3183 677 3229 V
694 3183 728 3229 W
748 3130 764 3246 ll
785 3183 816 3230 ‘21
836 3182 992 3231 nominibus
1011 3183 1046 3243 Ι,

75 3255 186 3302 correxi
215 3250 225 3317 ΙΙ
254 3254 286 3301 26
308 3257 374 3316 puto
396 3259 456 3316 post
473 3250 558 3300 ullum
575 3252 595 3299 B
615 3254 632 3298 c
651 3251 673 3297 V
691 3250 729 3306 W,
752 3256 811 3312 post
832 3252 913 3298 natos
930 3248 953 3295 A
971 3248 1047 3303 Bert.

73 3327 175 3384 ponunt
203 3317 214 3385 ll
243 3320 275 3369 28
293 3321 453 3383 neutiquam
470 3320 578 3382 scripsi:
601 3332 635 3366 ne
654 3331 774 3380 nuquam
794 3314 877 3380 (umq.
893 3314 927 3379 A)
946 3315 973 3361 1
997 3331 1049 3366 nec

76 3402 199 3451 unquam
217 3389 275 3439 edd.
297 3383 307 3449 ΙΙ
332 3389 364 3436 30
382 3388 455 3436 forte
473 3391 539 3434 nata
559 3386 707 3435 Acidaliae:
727 3385 868 3432 f··rtunata
886 3383 913 3430 Μ
933 3381 1049 3432 fortuita

77 3454 262 3504 Rtneratasr'us
