2294 3780
121 158 169 251 54
456 187 478 236 1.
515 186 545 237 c.
563 186 678 237 raian
695 186 774 240 Pir.

126 359 202 401 nam
235 336 360 420 saepius
396 355 542 399 recusare
581 333 764 417 ambiguam
798 355 835 398 aa
869 335 976 419 potius
1009 336 1098 400 illam

126 420 424 505 interpretationem
445 417 553 501 habet,
576 421 739 500 tamquam
761 419 917 483 minorem
932 423 1036 503 putes.
1060 424 1097 484 tu

115 507 253 590 'quidem
274 507 311 567 ut
331 503 506 566 maximum
529 502 700 585 recusasti3
729 502 784 566 sed
814 503 877 566 hoc
905 503 1097 586 persuadere

122 589 246 653 nemini
272 587 403 670 poteris,
433 587 497 650 nisi
525 586 709 670 aliquando.
731 590 763 650 et
790 609 856 651 non
889 589 1095 653 recusaueris.

98 693 197 738 scum
226 693 327 756 arcus,
357 692 429 735 cum
457 670 624 755 trophaea,
654 693 725 735 cum
739 749 741 752 Ι
754 674 876 735 statuas
906 672 1096 756 deprecaris,

124 755 295 821 tribuenda
317 759 367 820 est
381 756 592 820 uerecundiae
614 759 688 819 tuae
704 755 814 818 uenia:
838 755 894 819 illa
909 758 994 819 enim
1017 778 1095 820 sane

124 841 184 905 tibi
199 841 357 904 dicantur.
382 863 469 905 nunc
484 861 561 904 uero
584 839 785 921 postulamus
799 843 836 902 ut
857 840 983 904 futuros
1005 842 1093 924 prin-

124 927 210 1008 cipes
239 925 352 988 doceas
385 924 521 988 inertiae
548 925 742 1006 renuntiare,
772 922 934 1007 paulisper
961 925 1093 989 delicias

124 1009 261 1092 differre,
285 1007 447 1092 paulisper
470 1012 503 1073 et
525 1008 640 1072 saltem
660 1009 699 1070 ad
721 1007 944 1071 breuissimum
967 1012 1093 1092 tempus

85 1113 111 1153 ro
124 1114 162 1158 ex
185 1093 242 1157 illo
265 1093 429 1157 felicitatis
453 1113 564 1158 somno
579 1091 668 1155 uelut
682 1091 824 1173 excitari,
848 1091 980 1154 iuduere
1001 1114 1092 1174 prae-

119 1181 244 1243 textam
267 1199 372 1261 quam,
397 1199 468 1242 cum
490 1177 566 1240 dare
587 1178 734 1259 possent,
758 1175 959 1257 occuparint,
983 1197 1093 1239 asceu-

50 1324 53 1335 ,
120 1263 195 1327 dere
226 1263 367 1326 curulem
396 1283 491 1346 quam
519 1260 700 1343 detineant,
740 1280 809 1323 esse
844 1259 979 1342 denique
1008 1260 1093 1341 quod

120 1348 344 1430 concupierint
372 1367 430 1410 nec
452 1346 524 1410 ideo
546 1348 674 1408 tantum
694 1344 776 1408 uelle
799 1343 944 1410 consules
965 1343 1035 1406 fieri
1057 1346 1093 1406 ut

118 1430 250 1494 fuerint.
293 1430 423 1515 gessisti
461 1430 596 1493 alterum
633 1428 842 1510 consulatum,
879 1428 963 1492 scio:
1000 1428 1092 1491 illum

81 1530 106 1571 15
120 1513 324 1592 exercitibus
362 1514 454 1577 illum
489 1515 673 1596 prouinciis,
711 1513 802 1576 illum
838 1513 936 1575 etiam
974 1513 1091 1576 exteris

119 1597 271 1682 gentibus
293 1596 413 1680 poteris
435 1599 605 1680 imputare,
628 1618 695 1660 non
709 1600 800 1679 potes
816 1596 921 1659 nobis.
945 1597 1091 1660 audimus

142 1680 249 1745 uidem
270 1684 302 1744 te
318 1702 411 1745 omne
433 1702 549 1744 munus
566 1679 705 1744 consulis
721 1680 834 1763 obisse,
857 1680 911 1744 sed
928 1681 1090 1745 audimus:

119 1703 235 1829 diceris
247 1766 440 1829 iustissimus
452 1764 701 1829 humanissimus
714 1764 967 1847 patientissimus
980 1765 1089 1848 fuisse,

120 1848 175 1912 sed
192 1849 316 1912 diceris.
344 1871 481 1932 aequum
500 1851 548 1912 est
569 1847 740 1933 aliquando
755 1869 813 1911 nos
835 1849 952 1912 iudicio
968 1851 1089 1932 nostro,

82 1949 108 1990 20
122 1933 222 1997 oculis
245 1934 372 2017 nostris,
396 1953 463 1996 non
484 1932 588 1996 famae
611 1954 736 2017 semper
764 1936 795 1995 et
822 1933 1000 1996 rumoribus
1024 1954 1091 1996 cren

122 2017 205 2080 dere.
255 2038 417 2102 quousque
451 2017 599 2082 absentes
629 2018 667 2081 de
696 2017 827 2081 absente
855 2017 1088 2101 gaudebimus?

120 2102 217 2166 liceat
239 2102 376 2185 experiri
399 2124 441 2166 an
464 2102 582 2186 aliquid
605 2103 771 2186 superbiae
793 2101 853 2164 tibi
875 2100 928 2164 ille
950 2101 1018 2183 ipse
1042 2123 1089 2164 se·

122 2187 243 2250 cundus
266 2187 449 2251 consulatus
465 2187 622 2251 attulerit:
645 2187 782 2250 multum
803 2186 838 2248 in
854 2185 1089 2250 commutandis

120 2271 262 2335 moribus
286 2270 452 2336 hominum
466 2271 588 2336 medius
612 2293 714 2335 annus
730 2273 826 2353 ualet,
848 2271 883 2333 in
905 2269 1088 2351 principum

82 2368 108 2410 25
120 2355 201 2438 plus.
232 2356 399 2420 didicimus
422 2357 558 2440 quidem,
582 2357 633 2420 cui
654 2356 755 2419 uirtus
778 2354 883 2437 aliqua
906 2353 1087 2437 contingat,

121 2460 233 2502 omnes
256 2445 374 2504 inesse:
398 2441 542 2524 cupimus
563 2443 673 2503 tamen
688 2438 824 2522 experiri
846 2460 890 2502 an
911 2459 997 2500 nunc
1013 2458 1088 2520 quo·

121 2542 182 2604 que
209 2544 274 2585 una
302 2524 474 2607 eademque
502 2545 553 2587 res
580 2524 621 2586 sit
648 2523 751 2586 bonus
781 2521 891 2586 consul
919 2524 951 2585 et
985 2522 1089 2585 bonus

120 2605 279 2688 princeps.
333 2628 409 2669 nam
436 2610 562 2689 praeter
590 2606 621 2669 id
650 2604 733 2689 quod
766 2611 815 2668 est
849 2606 982 2669 arduum
1011 2604 1088 2669 duas

122 2688 216 2753 simul
244 2711 356 2774 capere
384 2692 560 2772 potestates
589 2711 703 2773 easque
732 2711 880 2773 summas,
908 2693 977 2752 tum
1004 2690 1089 2752 inest

84 2786 109 2828 ³⁰
122 2774 248 2857 utrique
275 2795 341 2837 non
359 2774 457 2837 ‘nulla
484 2774 659 2855 diuersitas,
689 2795 761 2838 cum
788 2774 969 2858 principem
993 2795 1089 2856 quam

191 2963 297 3010 inune
314 2976 378 3011 uero
396 2963 516 3026 Lipsius:
543 2977 604 3012 cum
621 2977 687 3013 uero
704 2964 733 3010 Π
755 2963 891 3013 enimuero
914 2963 1047 3012 Liuineius
1075 2958 1087 3026 11

122 3027 139 3078 8
157 3026 299 3092 paulisper
315 3028 431 3079 delicias
449 3029 557 3080 differre
576 3045 622 3084 om.
640 3030 660 3077 B
679 3031 701 3077 V
725 3027 736 3095 11
760 3033 791 3080 10
808 3030 925 3079 excitari
942 3030 1089 3079 Liuineius:

124 3095 242 3145 excitati
259 3096 286 3143 H
304 3096 442 3147 excitatos
461 3111 478 3162 ς
507 3094 516 3161 l
547 3099 578 3146 11
602 3111 682 3162 quam
705 3096 772 3147 dere
795 3100 903 3161 possint
927 3111 988 3145 oum
1011 3111 1091 3146 occu·

122 3162 217 3225 pariat
236 3162 266 3213 G.
284 3163 321 3216 H.
339 3163 508 3226 Saturniae,-
536 3180 616 3229 quam
642 3169 673 3214 ut
696 3164 761 3214 dare
788 3168 902 3229 possent
928 3165 1090 3229 occuparint

120 3227 251 3293 Gteripius
269 3245 293 3295 q.
309 3246 332 3280 e.
346 3230 370 3280 d.
389 3233 498 3296 possint
516 3246 581 3282 occu
602 3235 650 3283 ent
662 3228 821 3295 Ernestiusll
836 3234 867 3281 12
885 3229 955 3296 esse]
973 3247 1051 3282 omne
1071 3233 1089 3279 0

124 3291 137 3360 11
157 3297 190 3345 13
209 3298 406 3364 concupierunt
417 3300 453 3359 Η,
472 3315 540 3353 corr.
553 3314 569 3365 ς
581 3249 636 3365 115
655 3299 774 3350 caeteris
792 3295 878 3363 01117
897 3300 987 3350 odisse
1003 3296 1089 3362 01122

122 3364 318 3428 experiri-26
330 3368 454 3431 cupimus
467 3371 560 3417 tamen
572 3383 618 3418 om.
627 3367 676 3415 BV
688 3364 698 3432 11
711 3368 744 3416 25
756 3365 871 3416 dicimus
883 3368 918 3429 H,
931 3383 999 3418 corr.
1011 3365 1089 3430 ὕπερ.

125 3427 129 3493 1
149 3445 209 3481 cum
220 3433 334 3484 uirtutis
350 3434 443 3500 aliqua
457 3435 621 3500 contingant
634 3438 651 3483 0
664 3433 719 3500 1128
732 3433 802 3484 duas
815 3449 917 3499 easque
932 3436 963 3488 si.
976 3448 1017 3485 ca.
1030 3438 1089 3499 pot.

123 3511 242 3550 summas
260 3502 296 3562 it,
314 3504 470 3567 transposui.
489 3502 557 3555 duas
576 3517 680 3568 easque
699 3515 818 3554 summas
837 3501 869 3552 si.
888 3516 926 3552 ea.
945 3505 999 3566 pot.
1011 3501 1089 3567 casp.
