2294 3780
76 199 142 250 ΧΠ
450 198 669 251 PRAEFATIO.

72 354 105 413 in
120 353 154 412 Μ
169 374 224 432 pro
241 354 311 412 ‘sol’
333 352 364 410 id
380 352 463 430 quod
478 352 505 410 A
524 351 653 429 praebet
670 349 750 411 ‘sed'
766 352 877 411 uitiose
897 353 1042 429 scriptum

72 448 153 498 erat:
192 438 288 508 unde,
318 445 351 495 ut
373 436 520 496 librorum
540 434 566 493 B
588 434 609 494 0
630 435 658 495 V
678 434 717 495 W
745 455 912 495 consensus
942 433 1039 508 decet,

70 525 210 601 Aurispa
231 541 326 600 praue
349 520 549 599 interpolauit
571 519 639 579 ‘sed
658 520 726 598 ipse
742 519 809 578 dies
833 518 973 579 noctibus
993 541 1040 579 ae-

69 608 223 685 quiescit'.
252 637 296 648 ·-
323 625 396 683 pan.
419 603 486 663 XII
508 604 527 662 3
550 602 577 662 A
605 602 701 662 tradit
724 601 776 663 ‘de
799 614 829 662 te
852 604 946 681 igitur
967 604 1042 662 mihi

70 692 218 750 sermonis
246 690 337 748 huius
367 688 535 768 auspicium
563 688 616 746 ille
639 688 796 747 felicitatis
819 687 961 767 publicae
990 708 1041 746 au-

69 794 146 853 spex
177 775 255 834 dies'
283 774 427 853 idemque
460 774 492 831 in
519 793 577 831 suo
604 771 682 831 libro
715 775 891 850 repperisse
920 771 1043 832 uidetur

70 857 298 937 cuspinianus,
323 860 376 936 qui
398 878 452 936 pro
477 855 529 916 ‘de
550 858 594 915 te'
618 864 701 916 reete
722 859 860 935 reposuit
883 856 977 914 ‘det’z
1011 869 1043 916 at

70 943 152 1002 enim
175 944 208 1000 in
230 942 255 1001 B
272 941 292 1001 0
306 940 334 1000 V
349 941 388 1001 W
410 942 630 1019 interpolatum
653 949 701 1000 est
721 940 774 1001 ‘de
788 949 820 1000 te
837 944 877 1020 ig.
895 962 934 1000 m.
951 960 1040 1000 serm.

69 1026 99 1085 11.
129 1033 184 1084 erit
215 1027 395 1105 auspicium'
424 1045 487 1104 cqs.
516 1056 558 1067 —·-
592 1033 624 1084 et
648 1026 726 1085 haec
753 1025 879 1105 quidem
907 1026 945 1084 de
973 1027 1041 1104 ipso

68 1110 225 1189 Aurispae
254 1110 432 1187 exemplari.
477 1111 510 1167 in
539 1107 695 1169 codicibus
724 1119 827 1170 autem
855 1131 893 1171 ex
916 1129 951 1169 eo
974 1131 1042 1189 pro-

69 1194 159 1254 fectis
182 1193 259 1253 illud
283 1195 447 1253 obseruare
470 1194 555 1267 licet,
581 1214 647 1252 curn
669 1195 833 1254 remotiore
855 1214 976 1273 quoque
999 1196 1042 1253 af-

70 1279 198 1337 finitatis
220 1279 319 1356 gradu
333 1279 424 1338 latius
439 1280 606 1357 propagari
630 1287 661 1337 ct
676 1280 881 1358 corruptelam
904 1290 934 1338 et
949 1281 1041 1339 inter-

71 1364 271 1442 polationem.
300 1363 384 1423 haud
406 1383 474 1422 raro
499 1364 581 1421 enirn
603 1363 636 1420 in
650 1362 676 1421 B
691 1363 712 1424 (1
726 1363 754 1423 V
776 1373 891 1423 rectam
909 1365 1043 1442 aliquam

70 1448 237 1506 lectionem
260 1449 443 1518 inuenimus,
469 1466 560 1525 quam
579 1456 682 1506 tamen
697 1447 778 1508 Itale
803 1449 957 1508 nesciocui
980 1468 1042 1507 cor-

71 1532 181 1590 rectori
205 1530 313 1589 deberi
341 1533 538 1589 consentiens
560 1531 708 1589 librorum
730 1531 757 1589 Δ
780 1542 810 1591 et
832 1532 871 1592 W
891 1534 1043 1610 scriptura

72 1616 263 1694 apertissime
291 1615 391 1674 docet.
440 1634 552 1692 nempe
579 1614 763 1692 ubicumque
792 1615 838 1688 W,
878 1617 931 1695 qui
959 1636 1042 1674 nunc

72 1699 196 1778 quidem
220 1701 332 1777 optime
352 1698 505 1776 Aurispae
528 1698 685 1775 exemplar
706 1699 795 1758 nobis
818 1707 1040 1778 repraesentat,

72 1804 139 1843 cum
162 1782 189 1842 Δ
212 1784 374 1855 censentit,
397 1781 431 1841 Μ
453 1801 576 1861 quoque
598 1783 641 1842 ita
662 1782 777 1859 legisse
798 1785 877 1842 ultro
901 1792 1040 1862 apparet.

71 1866 123 1926 ubi
147 1875 248 1926 autem
269 1866 309 1927 W
331 1886 397 1925 curn
418 1866 444 1925 B
466 1865 535 1927 cv
563 1868 606 1924 ita
634 1869 789 1926 consentit
815 1877 849 1926 ut
875 1870 940 1927 eius
969 1870 1041 1926 scri-

72 1961 163 2029 ptura
186 1971 204 2010 a
223 1962 393 2010 correctore
416 1953 455 2008 sit
478 1952 633 2023 restituta,
658 1950 685 2008 Δ
707 1951 806 2024 solus,
830 1962 864 2010 ut
888 1973 971 2011 nunc
993 1971 1041 2011 res

72 2045 128 2107 est,
153 2035 314 2114 archetypi
336 2037 517 2114 scripturam
539 2034 629 2093 nobis
652 2034 784 2102 reddere
806 2036 961 2114 putandus
985 2044 1041 2095 est.

71 2119 170 2178 ueluti
191 2117 258 2177 XII
281 2121 298 2177 3
328 2119 429 2197 ‘quasi
452 2121 619 2197 praeterita
647 2120 710 2177 sint
733 2119 908 2178 oblitterata
937 2122 964 2178 si
988 2119 1041 2179 de-

71 2203 167 2264 sinas'
190 2212 359 2263 extremum
379 2202 562 2262 uocabulum
585 2223 648 2262 non
665 2201 770 2262 dubito
793 2206 867 2282 quin
891 2206 923 2263 in
938 2203 963 2262 B
979 2204 1000 2264 G
1014 2204 1042 2262 V

73 2308 112 2348 ex
133 2288 206 2346 Itali
233 2288 391 2348 cuiusdam
419 2289 595 2347 coniectura
621 2288 661 2346 sit
687 2289 877 2347 restitutum:
912 2308 984 2347 nam
1009 2288 1042 2346 id

73 2371 198 2450 quodd
219 2371 314 2431 habet
337 2372 527 2432 ‘desidenas'
543 2369 709 2450 Aurispam
731 2392 854 2451 quoque
877 2393 915 2432 ex
936 2372 969 2431 M
992 2372 1042 2431 de·

74 2457 232 2532 scripsisse
250 2476 358 2515 rasura
374 2455 503 2515 duarum
516 2456 687 2514 litterarum
710 2458 792 2515 inter
806 2456 898 2516 ‘desi’
916 2465 945 2516 et
961 2457 1041 2516 ‘nas'

73 2542 107 2598 in
134 2538 173 2599 W
202 2540 399 2598 demonstrat.
433 2571 471 2580 —
506 2539 561 2597 sed
589 2550 623 2598 ut
651 2541 743 2617 plane
774 2551 924 2619 appareat
952 2560 1041 2618 quam

73 2625 168 2699 longe
191 2625 222 2681 in
247 2622 403 2682 codicibus
424 2622 550 2695 Italicis,
574 2625 704 2682 maxime
725 2623 836 2697 Bcv,
860 2625 1043 2703 processerit

74 2708 273 2786 interpolatio
298 2704 493 2785 (quamquam
514 2708 609 2784 longe
626 2707 749 2768 diuersa
771 2709 825 2767 illa
847 2709 886 2768 ab
905 2729 941 2768 ea
963 2727 1043 2786 quae

74 2793 108 2850 in
123 2790 162 2851 W
178 2789 334 2869 optinuit),
359 2792 484 2850 afferam
503 2792 644 2869 exempla
667 2813 705 2850 ex
720 2794 912 2871 corruptelae
928 2812 1043 2871 genere

77 2894 113 2934 co
139 2874 223 2954 quod
248 2875 487 2954 dittographiam
513 2895 625 2936 uocare
654 2879 868 2936 consueuimus
891 2885 1042 2955 prompta.

75 2961 219 3018 nimirum
248 2960 360 3018 accidit
381 2960 537 3019 interdum
565 2961 597 3018 in
619 2959 652 3018 Μ
680 2971 713 3019 ut
735 2961 874 3020 librarius
901 2962 1044 3019 uoculam

76 3045 210 3121 aliquam
233 3045 399 3118 omitteret,
431 3044 545 3104 deinde
568 3063 671 3104 errore
693 3044 907 3105 animaduerso
931 3047 975 3103 ita
997 3065 1042 3104 re-

76 3137 206 3207 poneret
228 3132 263 3187 ut
280 3138 384 3187 tamen
406 3127 439 3187 id
454 3128 537 3207 quod
559 3130 620 3188 iam
636 3129 840 3208 descripserat
861 3129 1043 3188 uocabulum

77 3212 269 3291 subsequens
293 3234 357 3272 non
380 3221 581 3292 expungeret,
606 3213 663 3274 sed
684 3222 754 3292 post
776 3213 943 3292 repositum
966 3214 1043 3272 illud

76 3298 184 3356 iterum
206 3305 370 3376 repeteret.
396 3299 486 3357 huius
508 3297 614 3358 mendi
633 3299 773 3377 exempla
795 3299 917 3375 integra
938 3317 1042 3357 omnes

77 3382 135 3441 mei
158 3372 280 3442 codices
304 3382 455 3461 praebent
476 3383 569 3443 haec:
606 3404 635 3461 p.
659 3385 713 3456 48,
740 3385 756 3441 1
781 3383 824 3441 ‘in
847 3391 895 3455 te,
919 3381 1041 3453 Caesar,

76 3466 254 3526 muneribus
278 3467 416 3526 omnibus
438 3468 498 3526 tuis
522 3466 662 3527 omnibus
685 3470 839 3546 comparo’
864 3476 946 3544 etp.
972 3468 1041 3538 101,
