2294 3780
68 182 162 235 XVIII
445 183 659 235 PRAEFATIO.

103 339 168 398 VII
196 336 251 416 (=
265 336 334 416 VI).
366 340 445 396 Finit
467 341 619 397 secunalus.
652 338 759 412 Incipit
781 344 882 397 tertius
903 337 929 398 A
944 339 969 398 B
983 338 1031 402 W.

88 423 169 484 VIII
196 421 251 500 (=
266 421 319 500 V).
347 425 461 481 Finitus
483 427 558 496 (finit
571 422 597 481 B
611 421 663 491 W)
685 426 795 484 tertius.
819 426 927 496 Incipit
942 442 1031 498 quar·

196 517 242 566 tus
261 507 327 567 AB
350 515 381 566 et
394 505 442 579 W,
465 507 522 566 scd
543 507 593 566 hie
612 510 714 566 Dictus
729 509 910 566 Maximiano
933 507 1030 567 addit.

121 591 170 650 IX
212 618 253 640 =
274 589 344 669 IV).
375 594 454 650 Finit
475 600 607 667 quartus.
635 594 743 664 Incipit
764 598 880 668 quintus
901 590 1029 653 ABw.

138 677 170 734 X
210 702 252 724 =
273 675 332 750 ΙΙ).
360 678 475 735 Finitus
497 681 572 750 (finit
586 675 623 744 B)
647 680 771 752 quintus.
799 677 908 750 Incipit
929 686 1032 736 sextus

195 760 222 818 A
235 760 270 818 B.
299 763 406 834 Incipit
420 769 522 820 sextus
540 767 726 836 panepiricus
741 764 835 818 dictus
851 763 1030 820 Maximiano

197 854 224 904 et
245 848 423 905 Diocletiano
444 843 491 905 W.

121 926 171 986 XI
198 925 252 1004 (=
279 927 353 1006 ΙΠ).
400 931 472 987 Item
501 932 624 987 eiusdem
652 931 787 1005 Mapistri
813 938 913 987 memet
940 932 1030 988 Gene-

196 1017 320 1072 tlrliacus
348 1017 521 1072 Maximiani
552 1017 668 1089 cupiisti
693 1012 729 1072 A.
779 1015 886 1087 Incipit
919 1023 1029 1073 sextus.

195 1100 269 1156 Item
302 1102 427 1157 eiusdem
457 1103 588 1172 mapistri
621 1100 784 1156 mamertini
813 1100 1031 1174 penetltliaclius

195 1185 365 1241 maximiani
391 1188 520 1256 aupusti:
552 1211 586 1226 a·
607 1182 642 1241 B.
688 1185 822 1240 Eiusdem
844 1184 1031 1241 Gentltliacus

196 1268 371 1325 Maximiani
391 1267 512 1341 Aupasti
533 1275 560 1324 et
582 1269 757 1326 Diocletiani
775 1264 822 1325 W.

101 1349 168 1408 XII
195 1349 249 1428 (=
270 1350 344 1427 IX).
389 1354 437 1409 liic
459 1355 553 1409 dictus
582 1360 623 1411 est
646 1353 829 1410 Constantino
850 1355 910 1424 filio
940 1348 1029 1428 (corr.

196 1456 235 1495 ex
254 1433 324 1512 titii)
349 1433 555 1496 ConstantiiA
582 1445 612 1494 et
633 1436 676 1494 ita
696 1435 736 1508 B,
771 1435 832 1494 nisi
860 1433 941 1512 quod
968 1440 1031 1508 finit

196 1522 396 1594 pentltliacltus
417 1519 594 1577 Maximiani
612 1524 734 1594 Aupusti
759 1520 930 1598 praeponit.
974 1519 1031 1575 Pa-

197 1608 353 1678 neppricns
380 1607 473 1660 dictus
502 1602 685 1662 Constantino
711 1607 770 1675 filio
799 1605 956 1661 Constantii
981 1601 1030 1662 W.

193 1688 228 1745 in
249 1686 311 1744 fine
332 1687 422 1744 huius
452 1685 599 1745 orationis
622 1689 753 1759 Explicit
774 1685 801 1743 A
822 1684 868 1758 W,
903 1688 984 1743 Finis
1005 1685 1031 1744 B

195 1770 321 1830 habent.
754 1818 756 1822 ,

131 1855 198 1915 Iam
217 1874 291 1914 uero
312 1853 617 1932 circumspiciendum
638 1862 693 1926 est,
718 1873 815 1932 ecqua
832 1853 893 1914 alia
907 1862 1032 1931 praeter

68 1941 102 2001 It
128 1938 265 1998 subsidia
293 1939 397 1997 critica
427 1938 516 1998 uobis
544 1946 721 2018 suppetant.
766 1947 797 1997 et
823 1939 856 1997 in
884 1937 1031 1996 Pliniana

69 2024 193 2104 quidem
221 2024 360 2082 oratione
387 2022 519 2082 schedae
540 2021 762 2082 Ambrosianae
790 2023 955 2100 rescriptae
983 2043 1029 2081 as·

69 2117 150 2181 sunt,
173 2109 322 2167 inuentae
344 2108 416 2166 illae
438 2124 500 2165 una
522 2127 590 2166 cum
610 2107 777 2168 Frontonis
799 2127 835 2165 ac
857 2106 1031 2183 Symmachi

70 2193 209 2272 reliqniis
240 2191 278 2251 ab
304 2190 426 2269 Angelo
458 2192 542 2250 Maio
576 2193 609 2250 in
641 2192 745 2251 codice
778 2191 849 2249 olim
874 2189 1030 2261 Bobiensi,

70 2297 154 2339 nuno
174 2276 380 2336 Ambrosiano
410 2273 489 2352 [ord.
513 2297 580 2356 sup.
603 2276 641 2335 E.
667 2275 739 2353 147]
768 2275 882 2335 sacculi
909 2277 1032 2353 septimi

69 2365 121 2424 uel
147 2365 257 2421 notaui.
301 2362 474 2440 fragmenta
495 2361 639 2422 Pliniana
666 2369 796 2440 quatuor
823 2360 904 2419 foliis
935 2357 1031 2435 (nuno

70 2468 102 2526 p.
127 2449 177 2504 21,
201 2447 254 2516 22,
285 2447 334 2505 27.
359 2447 397 2506 28
428 2455 459 2504 et
486 2466 516 2523 p.
541 2448 612 2505 361.
636 2447 711 2516 362,
744 2447 815 2505 367.
839 2447 899 2503 368
926 2464 1030 2503 nume-

69 2526 158 2608 ratis)
182 2529 387 2588 continentur.
422 2529 563 2588 disseruit
587 2530 625 2587 de
646 2529 694 2587 his
716 2528 836 2601 schedis
857 2529 1029 2605 diligenter,

69 2623 103 2673 ut
125 2613 212 2684 solet,
236 2612 276 2672 H.
293 2611 413 2671 Keilius
436 2613 469 2670 in
492 2619 714 2689 programmate
736 2611 946 2669 uniuersitatis
967 2611 1031 2668 Ha-

68 2698 164 2759 lensis
187 2718 214 2756 a.
233 2697 368 2766 1869l70
390 2705 420 2755 et
442 2697 474 2754 in
497 2695 641 2755 editionis
655 2695 819 2755 Plinianae
841 2696 911 2754 mai.
933 2695 1030 2773 praef.

71 2804 101 2862 p.
125 2778 390 2840 XLIV—XLVI.
420 2800 498 2858 quae
520 2779 652 2839 schedae
677 2772 718 2859 [R
739 2773 857 2857 notaui]
880 2787 914 2838 ut
936 2780 1030 2839 bona-

71 2889 138 2926 rum
163 2866 330 2925 lectionum
357 2872 404 2922 sat
431 2884 573 2942 magnum
606 2884 764 2923 numerum
793 2862 953 2935 exhibent,
989 2865 1032 2923 ita

71 2950 254 3029 quibusnam
286 2949 415 3008 maxime
448 2956 570 3027 praeter
601 2949 677 3009 uitia
709 2949 834 3027 uulgata
866 2947 1030 3025 generibus

70 3034 250 3095 mendorum
266 3032 300 3092 II
322 3033 509 3092 deformatus
531 3034 571 3092 sit
594 3032 713 3106 docent,
738 3053 847 3112 nempe
870 3031 1031 3091 uerborum

71 3128 102 3180 et
124 3118 287 3178 omissione
310 3127 340 3177 et
362 3137 459 3196 praua
481 3117 691 3177 collocatione.

133 3202 267 3262 Ioannes
283 3203 443 3261 Liuineius
458 3202 564 3278 Belga,
588 3204 636 3260 uir
657 3203 694 3261 de
715 3202 762 3260 his
785 3201 954 3260 oratoribus
978 3202 1029 3259 im-

71 3288 240 3347 mortaliter
254 3288 386 3358 meritus,
403 3305 479 3365 quos
495 3285 535 3345 ad
547 3286 713 3345 editionem
728 3306 813 3344 suam
828 3283 1030 3363 (Antuerpiae

72 3393 100 3432 a.
128 3369 301 3431 MDXOIX
332 3390 369 3429 ea
396 3369 523 3449 prodiit)
558 3369 651 3429 libros
679 3368 855 3429 adhibuerit
883 3372 915 3428 in
943 3389 1029 3447 prae-

71 3458 189 3517 satione
213 3456 301 3516 docet
323 3456 466 3515 lectores:
501 3474 610 3535 nempe
633 3475 699 3515 esse
721 3473 817 3534 penes
839 3473 871 3514 se
887 3451 1030 3514 codicem
