2294 3780
114 190 173 254 198
433 190 482 240 ur.
512 188 659 239 monam
677 187 756 240 ran.

111 362 178 403 non
206 341 339 421 insulto,
376 338 430 402 sed
460 337 560 401 doleo
607 336 858 402 Constantinum
886 339 923 400 tu
951 338 1081 400 tantum

112 425 279 509 sanguinis
295 423 426 487 fundere
447 422 591 506 coegisti,
616 422 677 506 cui,
700 421 774 505 quia
788 421 924 484 salutem
939 423 1081 484 uestram

112 532 132 572 a
153 509 245 573 uobis
273 509 445 590 impetrare
473 528 539 570 non
561 505 669 586 licuit,
698 526 799 589 paene
825 505 988 589 displicuit
1010 504 1082 588 ipsa

112 593 256 656 uictoria.
300 596 333 655 at
358 613 423 655 non
437 590 671 656 ‘Taurinatibus
699 612 801 674 neque
829 590 944 654 ceteris
966 589 1081 653 Italiae

86 677 296 741 sciuitatibus
318 675 402 739 idem
426 675 552 740 animus
574 676 648 757 fuit,
672 675 726 760 qui
749 679 791 754 te,
814 675 998 758 imperator,
1029 695 1082 737 ex-

111 761 251 824 ultantes
274 759 391 845 gaudio
419 762 566 824 certatim
595 761 634 824 ad
658 782 691 824 se
713 762 918 824 uocauerunt.
963 758 1081 822 missae

113 846 152 908 ab
169 845 316 908 omnibus
333 845 521 930 legationes,
546 845 645 909 oblati
659 844 798 929 undique
818 846 1022 925 commeatus,
1045 846 1083 906 ut

113 935 283 1012 appareret
302 930 452 1012 quamdiu
467 930 701 994 desiderassent
723 929 774 993 cui
797 949 830 992 se
852 928 916 991 iam
931 930 1082 1011 prompte

111 1013 197 1077 bello
219 1013 322 1078 adhuc
344 1018 486 1078 restante
509 1015 755 1079 committerent.
784 1013 839 1097 qui
854 1013 918 1076 fuit
938 1012 1006 1076 dies
1025 1011 1082 1075 ille

74 1116 99 1155 1⁰
113 1119 175 1181 quc
193 1097 411 1163 Mediolanum
432 1100 596 1182 ingressus
618 1100 670 1162 es!
692 1119 773 1180 quae
796 1096 970 1181 gratulatio
993 1096 1081 1178 prin-

112 1183 219 1266 cipum
243 1184 398 1247 ciuitatis!
433 1185 488 1266 qui
509 1183 641 1266 plausus
662 1182 790 1265 populi!
825 1202 904 1264 quae
927 1180 1081 1244 securitas

111 1267 306 1331 intuentium
333 1270 366 1330 te
394 1272 547 1350 matrum,
576 1271 607 1330 te
634 1265 814 1351 uirginum'l
852 1286 932 1348 quae
961 1264 1081 1346 duplici

111 1351 218 1414 fructu
238 1352 444 1434 fruebantur,
469 1374 541 1416 cum
562 1350 770 1435 pulcherrimi
792 1349 995 1433 imperatoris
1016 1348 1081 1411 for·

112 1457 197 1499 mam
219 1435 368 1500 uiderent
390 1439 422 1499 et
442 1437 604 1500 licentiam
625 1457 692 1499 non
713 1436 875 1499 timerent.
918 1435 1081 1497 ostentare

74 1534 100 1574 15
113 1541 147 1583 se
174 1541 283 1583 omues
312 1524 346 1583 et
373 1520 549 1603 tripudiare
577 1521 646 1584 sine
675 1519 740 1583 ullo
769 1520 807 1582 de
834 1516 976 1602 reliquiis
1004 1516 1082 1580 belli

112 1608 200 1667 metu
223 1607 255 1666 et
270 1605 448 1688 auspicium
469 1605 621 1668 uictoriae
635 1607 709 1669 tuae
730 1626 789 1687 pro
805 1601 1081 1668 consummatione

112 1688 342 1753 metiebantur:
380 1709 446 1752 non
469 1688 699 1771 Transpadana
720 1688 888 1773 prouincia
911 1686 1083 1750 uidebatur

112 1774 255 1853 recepta,
284 1772 339 1835 sed
362 1772 474 1836 Roma.
520 1773 590 1856 quis
613 1773 698 1835 enim
726 1773 868 1837 crederet
889 1772 989 1834 tantis
1013 1791 1082 1834 suo-

114 1855 255 1918 cessibus
287 1856 352 1918 tuis
390 1855 490 1920 ullum
524 1855 725 1919 obstaculum
757 1858 840 1939 fore,
878 1876 939 1939 quo
974 1855 1082 1918 minus

74 1955 100 1993 20
114 1959 223 2001 omnes
252 1940 409 2003 exercitus
437 1962 471 2003 se
493 1940 680 2004 clementiae
703 1944 775 2004 tuae
798 1941 977 2021 traderent,
1009 1961 1083 2002 cum

112 2023 242 2087 uirtutis
265 2025 517 2108 experimentum
538 2024 728 2088 nouissent?
756 2039 864 2088 muros
886 2024 919 2087 ui
941 2044 1082 2106 ceperaS,

113 2109 181 2172 acie
203 2109 312 2191 palam
341 2111 482 2173 uiceras:
520 2110 590 2192 quis
611 2112 678 2173 tam
700 2109 829 2172 demens
854 2108 1023 2170 uidebatur
1046 2112 1083 2170 ut

114 2196 168 2257 aut
190 2195 327 2259 obsideri
351 2194 480 2258 auderet
503 2197 559 2258 aut
582 2192 757 2278 congredi?
796 2191 985 2276 praesertim
1009 2213 1082 2255 cum

112 2281 149 2341 tu
172 2278 238 2342 dies
267 2280 389 2363 aliquot
410 2278 586 2343 Mediolani
608 2279 761 2342 resistens
784 2282 910 2359 tempus
932 2275 1082 2340 omnibus

76 2373 101 2415 25
115 2362 176 2425 sibi
200 2363 386 2427 consulendi
409 2362 548 2428 dedisses
570 2365 606 2426 ut
628 2363 667 2426 de
689 2365 721 2426 te
744 2364 920 2445 sperarent.

178 2446 267 2510 VIII.
313 2447 375 2512 Sed
403 2448 489 2511 enim
518 2468 706 2511 aerumnosa
733 2445 789 2508 illa
818 2449 850 2509 et
871 2445 935 2508 iam
980 2443 1082 2508 ridem

113 2530 246 2613 perdita,
262 2533 368 2594 aetate
378 2535 490 2594 nostra
501 2531 589 2594 ciuili
599 2531 757 2614 sanguine
772 2529 941 2607 maculata,
986 2549 1084 2592 erona

114 2614 252 2676 maximo
274 2613 416 2677 hostium
439 2615 580 2678 exercitu
601 2614 785 2694 tenebatur,
810 2612 973 2677 acerrimis
996 2613 1083 2676 duci-

114 2697 173 2759 bus
200 2697 518 2781 pertinacissimoque
546 2697 725 2782 praefecto‚
757 2697 879 2761 scilicet
906 2700 955 2779 ut,
984 2717 1083 2844 quam

75 2796 102 2835 80
116 2780 273 2844 coloniam
296 2779 356 2846 On.
379 2781 550 2866 Pompeius
577 2782 745 2866 aliquando
768 2782 956 2863 deduxerat,
1016 2801 1083 2844 om-

181 2970 197 3018 8
215 2968 269 3018 iam
287 2985 348 3034 epo:
369 2971 453 3018 etiam
468 2971 496 3017 Μ
513 2974 568 3019 tarn
587 2971 645 3021 edd.
660 2967 670 3034 ΙΙ
688 2971 720 3019 10
740 2985 769 3020 es
787 2984 825 3019 w:
844 2986 891 3022 our.
910 2972 937 3017 Μ
949 2966 959 3033 ΙΙ
978 2970 1009 3018 12
1028 2969 1084 3019 uir·

113 3035 206 3099 gisum
226 3050 295 3100 quac
306 3038 453 3087 Liuineius:
471 3037 664 3102 uirginumque
678 3037 754 3089 Bert,
772 3038 911 3102 uirginum
929 3051 1037 3100 queque
1056 3038 1084 3083 Π

113 3104 264 3168 (uirginum
282 3119 364 3168 quam
382 3103 409 3167 c)
429 3109 545 3154 matrum
562 3106 762 3170 uirginumque.
787 3120 856 3169 quaa
875 3106 932 3155 edd.
947 3102 957 3167 ΙΙ
972 3106 1003 3155 15
1020 3102 1085 3153 reli-

115 3172 187 3235 quiis
205 3170 280 3222 Bert.
298 3185 335 3220 w:
353 3171 466 3236 reliquis
483 3174 510 3220 Η
531 3170 541 3237 ΙΙ
566 3175 597 3222 19
615 3173 670 3222 tuis
687 3179 747 3237 post
765 3187 886 3222 success.
905 3172 927 3218 Δ
945 3173 978 3219 W
996 3171 1083 3231 Bora,

113 3244 175 3301 post
193 3239 251 3288 fore
268 3247 366 3302 ponunt
383 3240 403 3287 B
422 3242 439 3287 0
457 3241 479 3288 V
495 3237 505 3304 ΙΙ
523 3243 556 3290 23
576 3256 635 3289 cum
654 3246 685 3289 tu
702 3240 835 3289 Bovw:
854 3245 884 3288 tu
903 3255 965 3288 cum
981 3240 1004 3286 A
1021 3236 1031 3303 ΙΙ
1049 3241 1084 3288 24

114 3307 239 3356 omnibus
258 3306 312 3356 sibi
331 3307 424 3371 Cura:
446 3308 501 3359 sibi
519 3308 644 3358 omnibus
661 3308 689 3354 Μ
712 3305 721 3371 ΙΙ
743 3310 776 3357 25
796 3306 920 3356 dedisses
937 3319 973 3354 w:
992 3305 1083 3356 dedis-

115 3376 159 3423 set
175 3374 203 3420 Μ
221 3374 224 3437 Ι
241 3379 384 3437 sperarent
402 3377 475 3426 cdd:
494 3389 604 3440 sperare
621 3377 648 3423 H
667 3375 801 3440 (speraret
819 3375 846 3435 0)
863 3374 961 3424 liceret
978 3375 1039 3425 add.
1057 3387 1084 3421 w

115 3434 128 3502 ΙΙ
149 3442 181 3490 26
199 3446 226 3490 et
244 3442 298 3491 iam
316 3441 408 3493 Bora:
426 3444 510 3492 etiam
527 3444 554 3490 Η
573 3442 613 3504 (et
627 3440 655 3505 G)
672 3441 676 3498 Ι
691 3438 878 3506 pridianum
895 3440 1002 3505 perdita
1019 3456 1083 3506 epo:

113 3506 249 3558 medilaA
266 3508 386 3559 mediaB
400 3511 417 3559 0
429 3512 452 3559 V
464 3512 497 3558 W
512 3510 517 3574 Ι
533 3509 615 3559 ciuile
626 3510 649 3558 A
661 3506 671 3573 {l
683 3511 716 3560 29
736 3524 788 3574 que
806 3525 853 3560 om.
865 3509 898 3557 W
909 3506 920 3573 ΙΙ
933 3511 965 3560 30
985 3508 1036 3560 Gn.
1054 3510 1083 3556 Ι
