2294 3780
450 124 665 179 PRAEFATIO.
990 128 1045 181 Vll

67 283 136 361 tigit
158 282 247 341 hunc
270 298 463 341 communem
476 281 622 341 librorum
644 299 660 351 ς
681 281 799 339 iontem
822 283 950 359 aporire,
975 303 1044 342 cum

70 368 98 424 in
119 366 186 425 line
209 366 473 445 peregrinationis
493 366 653 425 Romanae
668 365 854 425 Vaticanum
876 368 957 425 1775
978 365 1042 445 (W)

69 452 226 530 inspicere
247 451 365 511 liceret.
400 451 455 528 qui
475 449 555 509 liber
577 470 613 509 oo
636 449 781 509 notabilis
803 449 953 529 estquod
977 452 1044 529 plu-

69 535 160 595 rimas
182 536 337 595 lectiones
360 553 379 592 a
400 543 570 594 correctore
590 533 709 593 librarii
730 535 852 612 aequali
874 536 907 594 in
929 537 1044 595 rasuris

70 621 202 699 scriptas
238 616 287 694 (w
313 627 388 679 nota
418 639 437 677 a
465 616 553 678 nobis
580 616 786 697 significatas)
815 618 917 679 habet.
961 619 1044 679 ubi·

70 723 232 782 cumque
265 711 391 763 autem
420 721 437 773 ς
470 723 488 761 a
518 704 662 762 ceteris
689 701 803 763 libris
837 703 1041 775 recedunt,

73 787 306 866 discrepans
334 787 452 847 lectio
480 788 519 846 in
547 786 587 848 W
614 808 632 846 a
663 796 883 848 correct-ore
917 788 1044 847 inlata

70 873 293 948 inuenitur,
325 872 387 930 nisi
416 872 511 950 quod,
546 879 581 929 nt
608 871 674 931 fere
702 872 748 944 fit,
782 873 816 929 in
845 891 862 942 ς
892 881 922 931 et
950 874 1042 931 intar-

70 957 189 1034 polatio
213 967 245 1016 et
259 956 515 1034 interpolatamm
529 956 696 1015 lectionum
719 958 872 1035 corruptio
888 955 1044 1016 interdum

70 1040 202 1100 ulterius
226 1040 384 1118 processit.
411 1040 544 1117 nequis
567 1041 649 1098 enim
672 1040 824 1100 existimet
838 1040 878 1102 W
893 1040 933 1100 ad
949 1061 1045 1100 unum

71 1125 209 1203 aliquem
233 1144 272 1184 ex
287 1142 303 1194 ς
317 1123 404 1182 libris
427 1142 494 1183 esse
517 1133 693 1197 correctum,
717 1144 780 1184 non
796 1124 874 1184 illud
891 1144 1044 1204 opponam

71 1208 110 1269 W
130 1208 209 1267 mihi
232 1209 334 1268 saltim
356 1208 449 1286 paulo
474 1209 679 1285 antiquiorem
702 1229 768 1268 esse
790 1208 892 1268 uideri
915 1229 1006 1287 quam
1029 1226 1045 1278 ς

72 1312 196 1364 omnes,
230 1292 286 1351 sed
308 1292 462 1351 nonnulla
490 1292 614 1351 afferam
643 1293 785 1370 exempla
807 1293 917 1369 quibus
946 1313 985 1351 ox
1006 1292 1045 1353 W

72 1379 198 1436 fluxisse
222 1395 240 1447 ς
261 1377 430 1436 euincatur.
457 1377 552 1454 igitur
573 1396 646 1455 pan.
666 1374 718 1434 III
741 1379 759 1435 6
781 1376 831 1434 fin.
855 1377 888 1434 in
911 1395 927 1446 ς
948 1375 1044 1436 habes

73 1462 117 1520 ‘et
143 1481 202 1520 sno
231 1470 362 1539 uterque
387 1461 494 1520 finitur
520 1470 551 1519 et
579 1461 730 1520 consortis
757 1460 914 1538 imperio':
951 1460 984 1519 in
1006 1459 1046 1521 W

74 1545 204 1605 difficile
229 1543 395 1623 dignoscas
417 1545 498 1605 sitne
521 1545 647 1604 ‘finitur’
670 1565 719 1617 an,
743 1546 827 1623 quod
849 1545 970 1605 intenta
993 1544 1044 1603 de-

72 1649 156 1688 mum
183 1629 342 1688 oculorum
370 1630 436 1687 acie
460 1630 594 1687 intuenti
622 1629 695 1688 mihi
719 1631 875 1709 apparuit,
908 1629 1043 1689 ‘fruitur'

71 1716 233 1792 scriptum.
256 1746 294 1755 —
317 1733 390 1791 pan.
405 1713 435 1772 V
458 1715 477 1771 2
499 1714 541 1772 in.
564 1713 684 1792 ‘captus
707 1714 824 1773 scilicet
845 1734 899 1773 rex
920 1714 1045 1774 ferocis-

71 1800 172 1857 simae
193 1798 342 1856 nationis’
365 1817 427 1856 uox
442 1798 582 1857 ‘scilieet'
601 1798 653 1871 ita,
676 1806 710 1856 ut
732 1800 855 1876 saepius
877 1798 910 1856 in
925 1796 973 1870 W,
995 1796 1045 1856 ab·

71 1881 218 1941 breniata
246 1880 326 1948 ‘soit’
355 1882 410 1940 tali
437 1881 568 1941 ridiculo
602 1882 634 1940 in
661 1900 677 1951 ς
704 1884 798 1941 errori
824 1901 932 1941 ansam
960 1882 1046 1942 dedit

71 1965 198 2044 ‘captus
226 1964 307 2024 Scim
333 1966 411 2025 rex’.
444 1997 486 2008 —
520 1965 561 2024 ib.
586 1967 604 2024 3
635 1968 666 2025 in
696 1967 739 2026 eis
766 1986 846 2045 quae
874 1967 907 2024 in
935 1967 1045 2026 ceteris

72 2048 163 2109 libris
186 2049 315 2128 integris
338 2049 382 2108 ita
403 2051 519 2110 tradita
540 2058 613 2110 sunt
634 2049 706 2110 ‘nec
728 2052 801 2122 ipsis
816 2060 937 2109 tantum
958 2050 1044 2110 fauo-

73 2135 136 2193 nis’
160 2133 200 2195 W
223 2133 344 2193 litterae
367 2134 410 2192 ‘u’
439 2134 472 2193 in
495 2135 543 2193 ‘ti’
567 2134 772 2213 diremptione
793 2134 876 2194 haud
899 2156 969 2194 rara
991 2134 1046 2192 ‘fa-

73 2219 183 2278 tiouis'
208 2217 347 2289 exhibet,
379 2217 463 2277 unde
491 2220 665 2296 corruptela
686 2220 778 2277 latius
807 2226 952 2296 serpente
974 2220 1007 2276 in
1030 2235 1047 2287 ς

75 2300 248 2362 ‘factionis’
272 2302 386 2361 factum
410 2311 466 2361 est.
499 2334 540 2344 —
573 2301 622 2361 XI
644 2303 686 2362 30
711 2306 763 2359 ‘ne
785 2302 953 2359 inhonores
976 2320 1046 2359 con-

75 2387 264 2447 temnerent'
287 2407 342 2464 pro
364 2383 428 2446 ‘ne'
453 2405 470 2456 ς
491 2388 548 2445 ‘ut'
571 2387 713 2447 tradunt:
751 2387 785 2444 in
805 2385 845 2447 W
869 2384 932 2443 ‘ne'
955 2385 1047 2445 simil-

75 2472 183 2531 limum
207 2479 254 2528 est
275 2470 321 2529 illi
344 2470 412 2530 ‘ut'.
443 2503 485 2513 -
518 2481 651 2531 ceterum
679 2479 802 2550 praeter
822 2469 1047 2530 Dnrlaoensem

75 2553 316 2615 Ricoardianum
329 2555 514 2614 Vaticanum
530 2556 611 2614 3461
630 2556 669 2615 ad
686 2574 702 2625 ς
723 2555 870 2613 familiam
889 2556 1048 2632 pertinent

75 2649 107 2699 et
130 2637 232 2699 codex
252 2637 518 2720 Guelferbytanus
542 2638 625 2699 Gud.
648 2641 702 2711 45,
734 2640 819 2698 cuius
842 2640 991 2699 lectiones
1013 2641 1046 2697 in

75 2723 226 2783 Pliniana
248 2724 389 2784 oratione
402 2724 533 2795 Keilius,
556 2724 589 2782 in
613 2723 723 2782 ceteris
738 2723 903 2782 Arntaanii
927 2732 957 2781 et
972 2723 1046 2783 Jae·

77 2826 171 2886 geme
200 2807 424 2880 exhibuerunt,
455 2817 485 2867 et
506 2809 559 2867 ille
581 2807 661 2866 liber
682 2826 774 2886 quem
799 2815 936 2866 ueterem
959 2827 1047 2866 suum

75 2900 171 2952 uocat
192 2890 360 2951 Puteanus.
394 2912 486 2970 porro
510 2912 548 2951 ex
570 2910 586 2961 ς
607 2892 762 2951 fluxerunt
785 2900 928 2969 excerpta
943 2891 1047 2951 Uossii

76 2977 116 3035 ab
139 2974 322 3036 Amtaeniis
345 2974 492 3037 adhibita.

143 3058 247 3119 Libris
275 3059 469 3139 interpolatis
491 3061 591 3120 missis
619 3060 680 3117 iam
700 3059 776 3138 quid
800 3060 839 3119 de
862 3060 1048 3139 reliquorum

79 3142 251 3221 (actv)
273 3143 364 3204 turba
384 3145 581 3206 statuendum
601 3144 642 3202 sit
658 3144 789 3222 agedum
809 3142 980 3204 uideamus.
1010 3164 1048 3204 ex

77 3248 141 3288 uno
155 3238 258 3289 autem
269 3229 437 3309 archetypo
453 3249 505 3289 eos
517 3228 700 3306 profluxisse
713 3248 819 3288 omnes
836 3249 903 3288 cum
915 3230 984 3307 ipsa
994 3228 1048 3288 illa

79 3313 112 3371 in
135 3310 257 3373 mendis
278 3314 372 3392 longe
394 3314 532 3394 plurimis
556 3314 718 3372 consensio
741 3313 817 3372 mira
837 3313 960 3384 doceat,
984 3322 1048 3372 tum

79 3395 198 3457 diserto
209 3398 337 3459 Ioannis
348 3398 502 3478 Autispae
514 3397 692 3457 testimonio
709 3406 838 3457 constat.
861 3397 952 3457 huius
967 3396 1049 3457 enim
