2294 3780
266 173 340 227 PRO
358 170 638 227 BESTAURANDIS
657 175 797 228 sconls.
820 179 895 227 6-7.
1002 176 1060 239 121

92 323 136 388 ad
153 323 292 408 pristina
311 343 383 387 mea
404 324 510 390 studia
532 323 654 387 aditum
674 324 860 389 molientem
882 323 963 405 (ticet
975 324 1062 389 hunc

92 407 160 492 ipsi
179 407 302 490 palatio
323 407 425 490 patrie
453 407 503 470 sni
526 429 642 472 munus
669 408 844 492 inunxerit)
872 408 978 492 ipsum
999 409 1061 472 ius-

93 490 174 557 serit
195 491 382 639 disciplinas
408 493 486 588 artis
508 492 667 589 oratoriae
689 495 863 557 retractare
891 495 924 555 et
944 493 1062 556 medio-

95 596 597 724 testemtested
616 580 1087 744 Mithridati,

93 743 297 828 prolocutam
319 743 359 807 ab
381 743 506 806 arcanis
529 764 690 807 sacrorum
709 744 921 826 penetralium
943 744 984 808 ad
998 745 1061 828 pri·

93 829 172 891 ueta
196 826 360 891 Musarum
388 827 485 910 adyta
511 828 726 911 transtulerit,
758 849 826 892 non
851 829 961 911 utique
988 830 1062 912 quia
1100 898 1106 907 ,

94 909 187 995 mihi,
209 932 304 995 quem
329 911 429 996 (quod
444 911 514 975 sine
535 911 658 975 inuidia
672 911 819 997 dixerim)
843 915 934 976 tanta
950 913 1062 998 digna·

95 995 185 1059 tione
212 995 344 1078 respicit
372 998 494 1078 quanta
520 1016 579 1078 pro
607 997 738 1060 summis
765 995 940 1061 honoribus
969 997 1063 1062 debet

95 1078 243 1143 sufficere
271 1079 425 1162 sapienti,
453 1079 552 1144 uellet
579 1079 699 1163 aliquid
727 1081 876 1163 imposita
901 1081 964 1144 ista
990 1098 1100 1165 pro-10

94 1161 235 1227 sessione
257 1162 435 1247 detrahere,
457 1163 513 1227 sed
534 1166 572 1227 ut
587 1164 779 1261 professioni
800 1165 864 1247 ipsi
887 1186 925 1228 ex
948 1186 984 1229 eo
1005 1165 1062 1228 ho-

95 1247 552 1415 {discessistis
566 1248 1063 1414 iiilihtie‘lnifflqlttmtiil

96 1414 203 1479 studio
230 1419 469 1499 praeceptorem
497 1416 571 1480 huic
599 1415 771 1479 conuentui
798 1381 973 1479 iuhentutia
1000 1417 1062 1479 ele·

95 1500 163 1584 git,
191 1499 288 1563 etiam
309 1500 414 1564 locum
443 1499 601 1564 exercitiis
628 1499 715 1563 illius
736 1498 917 1564 dedicatum
942 1499 1101 1564 instra-1⁵

95 1584 164 1647 rari
184 1587 280 1668 atque
302 1585 449 1648 exornari
465 1584 553 1667 uelit,
576 1605 649 1648 cum
663 1605 775 1648 omnes
798 1583 940 1649 omnium
955 1606 1062 1648 rernm

95 1670 271 1732 sectatores
298 1671 394 1752 atque
415 1667 557 1732 fautores
585 1690 698 1752 parurn
720 1689 753 1732 se
776 1668 959 1732 satisfacere
984 1671 1061 1731 uoto

97 1754 131 1815 et
159 1752 373 1816 conscientiae
401 1773 477 1817 suae
506 1753 654 1835 credant,
683 1754 710 1816 si
732 1773 798 1816 non
820 1754 961 1837 ipsarum
983 1773 1062 1836 quas

96 1837 257 1919 appetunt
277 1836 453 1921 gloriarum
474 1838 595 1920 templa
618 1837 826 1902 constituant.

162 1918 236 1984 VH.
265 1920 345 1985 Inde
367 1929 416 1985 est
437 1921 522 2003 quod
536 1921 745 1986 Atheniensis
767 1920 950 1987 humanitas
973 1936 1101 1985 aramto

96 2002 336 2069 Misericordiae
368 2005 512 2069 instituit
563 2006 649 2089 quod
676 2005 815 2069 Romani
844 2007 932 2070 ducis
965 2006 1064 2068 animi

96 2088 288 2172 magnitudo
315 2090 472 2172 templum
531 2090 638 2153 irtntis
674 2093 707 2153 et
733 2088 885 2153 Honoris.
930 2110 1064 2171 quarum

98 2172 186 2236 enim
214 2172 331 2236 artium
356 2175 424 2236 siue
451 2173 551 2236 animi
579 2173 782 2237 affectionum
809 2172 936 2257 magnis
959 2170 1063 2233 homi·

96 2256 195 2320 nibus
216 2256 424 2341 ingeneratus
439 2256 531 2320 ardor
544 2258 617 2337 fuit,
642 2276 750 2319 earum
765 2256 862 2318 etiam
878 2256 1064 2318 consecrata

97 2340 235 2405 existere
263 2341 304 2405 ad
330 2343 474 2424 posteros
503 2341 699 2404 monimenta
723 2338 902 2402 uoluerunt.
952 2338 1063 2401 aedem
1076 2349 1102 2391 2⁵

96 2422 247 2488 Herculis
280 2423 442 2489 Musarum
475 2425 511 2488 in
544 2423 628 2488 circo
654 2422 813 2486 Flaminio
842 2422 973 2485 Fuluius
1009 2421 1064 2485 ille

97 2507 247 2574 Nobilior
274 2529 313 2571 ex
334 2510 470 2605 pecunia
492 2509 637 2573 censoria
658 2507 738 2571 fecit
758 2527 826 2570 non
847 2506 879 2571 id
901 2506 995 2571 modo
1018 2528 1064 2570 se-

99 2594 193 2656 cutus
221 2592 305 2674 quod
331 2613 400 2739 rpse
427 2593 543 2658 litteris
577 2596 611 2657 et
638 2591 754 2656 summi
780 2594 895 2675 poetae
923 2591 1065 2655 amicitia

99 2675 277 2758 duceretur,
301 2697 335 2740 se
399 2677 462 2741 uod
483 2679 519 2741 in
535 2677 671 2743 Graecia
693 2697 765 2741 cum
787 2681 871 2740 esset
890 2676 1065 2758 imperator

99 2698 1103 2928 representassent²,llis„liri³⁰

573 2894 582 2929 7

170 3084 183 3131 1
202 3083 350 3147 pristinum
367 3082 390 3130 Δ
402 3082 436 3129 W
451 3079 460 3146 l
475 3080 577 3130 aditum
593 3081 617 3129 -Δ
628 3083 660 3131 W
673 3081 763 3135 Bora:
782 3097 829 3133 om.
847 3082 867 3130 B
880 3082 897 3128 0
912 3081 932 3129 V
949 3078 959 3145 ΙΙ
976 3082 990 3129 1
1008 3095 1066 3145 sqq.

100 3148 257 3200 molientem
269 3150 360 3215 ipsum
372 3149 483 3200 iusserit
494 3147 656 3213 disciplinas
673 3150 742 3199 artis
756 3149 894 3198 oratoriae
911 3151 1065 3198 retractare

100 3221 128 3266 et
150 3215 202 3267 hoc
222 3217 277 3282 ipsi
298 3217 404 3281 palatio
426 3215 552 3281 parentis
575 3215 619 3265 sui
640 3230 737 3266 munus
758 3214 897 3266 inuenerit
917 3219 950 3265 ut
967 3213 1067 3264 medio·

100 3298 174 3334 erem
191 3283 227 3341 ἰ,
245 3286 394 3348 transposui
410 3290 436 3333 et
452 3285 559 3334 correxi
594 3284 625 3333 13
643 3281 754 3333 dubium
774 3286 817 3332 est
829 3281 903 3332 Bere.
917 3280 927 3347 ΙΙ
941 3285 972 3333 15
991 3295 1066 3331 exer-

101 3352 166 3402 citis
180 3350 204 3398 A
223 3351 377 3401 exercitiic
396 3350 529 3401 exercitio
547 3349 567 3399 il
581 3351 590 3398 i
607 3363 633 3397 v
649 3347 660 3414 l
676 3351 708 3400 21
728 3349 873 3400 constituit
885 3350 917 3398 W
933 3346 944 3413 lt
960 3351 994 3399 24
1012 3349 1067 3398 tuit

101 3431 132 3483 ςε
150 3418 238 3469 tuerit
253 3418 282 3464 1
298 3416 309 3483 fl
326 3420 359 3468 28
377 3416 474 3469 summi
490 3418 513 3466 Δ
525 3418 557 3466 W
568 3416 660 3468 Bora:
678 3431 786 3468 summa
800 3417 825 3466 B
841 3419 862 3466 t
873 3416 894 3463 Ἶ
909 3413 980 3479 hah
990 3413 1083 3461 hexa-

101 3484 163 3535 clen
180 3486 203 3534 Δ
220 3488 251 3535 c:
267 3484 440 3536 heraclcmB
460 3486 481 3535 V
497 3485 634 3540 herculan
652 3498 679 3537 w
