2294 3780
382 121 542 179 TRAIANO
561 123 595 173 D.
617 124 729 173 45-47.
995 122 1035 186 41

77 268 131 331 dus
158 271 196 331 ut
217 272 369 352 appareat
391 273 551 334 auctorem
574 271 789 355 displicuisse,
818 293 883 335 uon
905 271 1035 338 factum.

76 352 156 416 idem
180 373 258 438 ergo
280 353 418 436 populus
441 354 503 432 ille,
534 354 706 439 aliquando
735 356 875 420 scaenici
901 357 1037 438 impera-

76 437 152 500 toris
188 439 415 521 spectator·et
441 439 621 523 applausor,
655 462 742 505 nunc
770 441 805 504 in
833 441 1037 523 pantomimis

76 542 196 604 quoqne
219 525 385 585 auersatus
407 526 440 586 11
462 523 593 588 damnat
615 524 812 588 effeminatas
835 528 919 588 artes
935 527 968 588 11
989 525 1037 587 in-

76 607 187 669 decora
209 607 335 670 saeculo
358 607 474 670 studia.
513 630 551 671 ex
573 628 635 691 quo
657 608 865 673 manifestum
881 612 930 674 est
951 609 1062 692 prin-5

76 690 180 772 cipum
209 690 413 773 disciplinam
441 713 553 775 capere
582 694 680 756 etiam
703 695 828 777 uulgus
859 715 931 757 cum
958 715 1037 775 rem,

76 775 99 836 si
122 797 140 838 a
161 775 246 838 bono
268 774 336 857 fiat,
360 776 595 840 serenissimam
617 777 754 841 fecerint
776 798 896 841 omnes.
934 781 1038 842 macte

74 857 132 921 lrac
153 859 322 942 grauitatis
344 859 457 943 gloria,
481 861 608 944 Caesar,
639 883 702 944 qua
724 865 913 926 consecutus
941 883 974 925 es
1002 865 1038 925 ut

74 942 155 1025 quod
178 949 274 1022 antea
295 943 344 1007 uis
367 947 399 1006 et
419 945 589 1028 imperium
612 966 698 1009 nunc
721 968 824 1010 mores
835 949 1036 1010 uocarentur.

74 1026 312 1111 castigauerunt
339 1028 418 1095 uitia
445 1050 501 1093 sua
527 1030 589 1112 ipsi
612 1031 668 1114 qui
696 1031 773 1093 casti
798 1033 845 1094 ari
873 1031 1038 1094 mereban·
1051 1050 1076 1088 10

73 1115 133 1193 tur,
168 1111 315 1195 idemque
343 1113 561 1177 emendatores
590 1114 645 1197 qui
674 1053 864 1179 emendandi
897 1116 1036 1179 fuerunt.

72 1195 179 1279 itaque
207 1217 301 1259 nemo
324 1195 363 1259 de
386 1198 556 1261 seueritate
584 1202 640 1262 tua
662 1199 814 1281 queritur,
844 1203 876 1262 et
903 1199 1038 1262 liberum

73 1284 121 1342 est
143 1280 243 1362 queri.
282 1280 337 1344 sed
360 1282 500 1345 sumita
523 1303 590 1345 com
616 1286 739 1345 aratum
766 1283 809 1345 sit
830 1286 866 1344 ut
887 1283 925 1345 de
948 1282 1037 1344 nullo

73 1365 178 1427 minus
213 1364 358 1448 principe
394 1369 567 1448 querantur
592 1305 746 1428 immines
781 1387 876 1448 quam
910 1365 948 1429 de
976 1387 1038 1448 quo

73 1449 211 1512 maxime
234 1449 319 1530 licet,
340 1451 397 1512 tuo
419 1451 453 1513 in
475 1449 601 1513 saeculo
623 1449 705 1512 nihil
728 1453 777 1513 est
799 1471 861 1532 quo
884 1471 951 1513 non
972 1467 1076 1513 om-15

72 1555 113 1596 ne
134 1532 300 1596 hominum
322 1554 425 1616 genus
448 1534 582 1598 laetetur
605 1537 638 1598 11
666 1534 815 1618 gaudeat.
858 1535 936 1598 boni
965 1556 1036 1617 pro-

73 1616 244 1699 uehuntur,
268 1617 353 1699 mali,
376 1618 431 1700 qui
454 1622 503 1682 est
524 1618 807 1702 tranquillissimus
835 1621 937 1682 status
961 1618 1037 1681 ciui-

72 1702 159 1784 tatis,
182 1723 243 1766 nec
265 1701 381 1765 timent
407 1723 467 1766 nec
495 1703 659 1767 timentur.
702 1703 838 1767 mederis
867 1703 1037 1783 erroribus,

74 1786 128 1850 sed
162 1785 422 1868 implorantibus,
462 1787 672 1871 omnibusque
704 1809 782 1871 quos
822 1787 925 1851 bonos
958 1786 1038 1850 facis

73 1869 155 1933 hanc
178 1870 295 1933 astruis
316 1869 443 1933 laudem
465 1892 506 1934 ne
529 1873 671 1956 coegisse
693 1872 839 1936 uidearis.
1051 1889 1077 1929 20

128 1953 261 2018 XLVII.
277 1953 384 2029 Quid?
399 1955 509 2035 uitam,
524 1956 621 2038 quid?
638 1978 742 2020 mores
754 1956 930 2019 iuuentutis
943 1976 1038 2038 quam

73 2038 293 2121 principaliter
302 2039 437 2102 formas!
454 2061 547 2122 quem
559 2039 712 2104 honorem
725 2040 852 2103 dicendi
866 2039 1036 2122 magistris,

74 2143 168 2205 quam
190 2122 410 2206 dignationem
433 2125 609 2207 sapientiae
639 2124 821 2188 doctoribus
849 2123 965 2185 habes!
1002 2127 1040 2184 11

74 2207 131 2269 sub
153 2209 186 2270 te
209 2207 405 2290 spiritumet
427 2209 617 2293 sanguinem
636 2212 667 2271 et
689 2209 826 2290 patriam
848 2208 1039 2287 receperunt

75 2290 194 2353 studia!
233 2311 313 2374 quae
345 2292 489 2374 priorum
516 2296 696 2375 temporum
723 2290 905 2353 immanitas
934 2287 1038 2350 exiliis
1051 2307 1077 2348 aa

73 2376 236 2457 puniebat,
261 2395 332 2438 cum
355 2376 416 2439 sibi
437 2377 588 2440 uitiorum
611 2375 752 2438 omnium
780 2373 924 2436 conscius
951 2372 1039 2455 prin·

75 2480 148 2542 ceps
170 2458 318 2523 inimicas
341 2460 429 2523 uitiis
452 2464 536 2524 artes
558 2480 625 2522 non
647 2458 720 2522 odio
749 2457 853 2542 magis
875 2479 970 2541 quam
991 2478 1039 2520 re-

72 2543 217 2607 uersutia
238 2543 409 2627 relegaret.
447 2547 480 2608 at
500 2550 536 2608 tu
559 2544 686 2608 easdem
708 2546 793 2607 artes
815 2543 849 2606 in
873 2542 1039 2626 complexu

74 2627 174 2691 oculis
207 2629 335 2692 auribus
368 2628 476 2692 habes.
528 2632 670 2712 praestas
705 2628 790 2691 enim
825 2648 1039 2773 quaecumque

73 2712 276 2795 praecipiunt
302 2715 490 2795 tantumque
520 2735 572 2776 eas
595 2712 702 2797 diligis
730 2716 885 2796 quantum
908 2711 948 2774 ab
974 2710 1077 2773 ilisao

72 2797 228 2879 probaris.
267 2818 310 2860 an
332 2797 497 2880 quisquam
520 2797 626 2860 studia
647 2796 855 2860 humanitatis
877 2795 1039 2875 professus

73 2901 141 2943 non
156 2902 227 2944 cum
243 2883 353 2945 omnia
373 2884 429 2943 tua
451 2885 520 2945 tum
536 2881 588 2944 uel
610 2882 644 2943 in
659 2881 771 2963 primis
792 2879 941 2942 laudibus
956 2877 1040 2940 ferat

73 2965 304 3030 admissionum
342 2969 471 3030 tuarum
508 2964 721 3030 facilitatem?
759 2985 878 3048 magno
914 2961 1040 3045 quidem

76 3105 278 3114 ..-—--.-.—..

144 3173 157 3219 1
178 3178 252 3224 auct.
271 3186 326 3221 non
345 3169 425 3235 displ.
444 3170 549 3220 factum
568 3167 635 3234 ⁰ll3
654 3169 767 3234 plausor
783 3171 816 3216 W
832 3165 842 3231 ΙΙ
858 3170 875 3216 1
894 3172 1040 3217 auersetur

72 3237 235 3288 Beroaldus:
250 3237 413 3288 aduersatus
422 3240 449 3285 11
461 3235 471 3304 {1
484 3239 498 3287 7
512 3254 528 3286 1
540 3237 611 3287 bono
625 3252 684 3302 epo:
698 3237 733 3286 ab
745 3237 836 3286 111111
851 3234 856 3298 Ι
872 3234 998 3284 fecerunt
1007 3235 1040 3280 W

76 3304 78 3355 Ξ
108 3308 124 3354 9
142 3302 197 3370 uis]
216 3307 258 3354 ius
270 3307 293 3353 V
306 3303 315 3368 1
329 3309 361 3356 10
375 3307 510 3370 castigare
523 3307 550 3352 11
562 3302 572 3369 ΙΙ
586 3307 617 3354 15
635 3309 682 3354 tuo
696 3319 725 3369 ςε
743 3308 800 3352 tum
812 3304 839 3349 Η
851 3299 861 3366 ΙΙ
876 3304 906 3351 17
920 3304 985 3365 quia
998 3308 1040 3350 est

72 3374 122 3421 BV
135 3373 138 3437 ξ
152 3377 242 3423 status
252 3374 325 3424 111111
338 3370 348 3436 ΙΙ
362 3374 393 3423 18
405 3380 464 3436 post
474 3374 605 3422 timentur
612 3371 688 3436 Cusp.
701 3371 830 3421 uitiorum
841 3368 1039 3434 poenitentiam

74 3445 207 3504 expectas
226 3442 286 3491 add.
300 3439 311 3505 11
325 3443 355 3490 19
374 3441 422 3491 sed
440 3439 643 3506 implorantium
656 3439 814 3489 Sopianas
827 3435 837 3501 11
850 3438 882 3486 25
901 3450 934 3484 ex
953 3433 1039 3482 illisB
