2294 3780
126 133 186 199 172
437 136 497 188 vn.
527 133 676 187 rncnarr
694 133 774 184 ean

123 287 302 369 imperante
330 305 398 349 non
425 283 589 369 posset‘l),
619 283 674 347 sed
702 304 790 348 error
816 282 881 346 iam
903 281 1094 367 desipientis

125 372 256 454 aetatis,
289 372 326 433 ut
355 370 406 432 tot
433 370 527 432 natus
560 389 662 432 annos
690 367 898 452 grauissimas
932 388 1023 432 curas
1058 371 1091 432 et

124 456 243 520 bellum
266 454 360 519 ciuile
379 451 578 536 susciperet?
600 451 709 535 nullis,
731 455 768 517 ut
788 474 838 516 res
859 454 917 534 est,
939 451 1092 516 fortunae

123 539 308 605 muneribus
336 537 505 620 explentur
532 558 667 621 quorum
696 537 887 620 cupiditates
915 537 996 600 ratic
1023 558 1091 601 non

98 623 290 705 ⁵terminat,
322 625 417 705 atque
438 622 485 686 ita
513 642 567 685 eos
588 621 725 686 felicitas
752 621 881 706 ingrata
893 691 896 695 ,
908 620 1095 686 subterfluit

124 713 161 772 ut
183 728 307 792 semper
329 706 416 789 pleni
439 727 581 854 sperum,
604 706 698 769 uacui
720 705 972 789 commodorum,
999 727 1093 789 prae-

125 792 270 857 sentibus
297 793 427 855 careant
476 813 530 854 um
551 790 661 855 futura
682 793 898 874 prospectant.
943 793 977 854 at
1004 790 1092 855 enim

125 876 268 940 diuinum
290 875 381 939 illum
401 876 506 940 uirum
528 875 584 960 qui
604 875 726 959 primus
748 874 917 958 imperium
939 878 972 939 et
992 875 1095 959 parti·

126 959 246 1044 cipauit
273 963 306 1024 et
331 959 441 1044 posuit
470 959 595 1025 consilii
621 961 654 1024 et
674 959 753 1024 facti
781 960 829 1023 sui
856 981 924 1024 non
944 959 1096 1042 poenitet

88 1061 185 1109 1⁰nec
207 1044 350 1109 amisisse
372 1066 405 1109 se
427 1047 519 1129 putat
541 1045 625 1129 quod
648 1047 761 1128 sponte
775 1044 989 1128 transcripsit,
1012 1042 1093 1107 felix

125 1130 298 1214 beatusque
320 1150 395 1194 uere
419 1151 512 1212 quem
535 1131 642 1194 uestra
656 1132 820 1193 tantorum
835 1128 1016 1213 principum
1040 1149 1094 1193 co-

126 1214 198 1279 lunt
219 1215 369 1299 obsequia
391 1215 561 1299 priuatum.
593 1214 647 1278 sed
671 1216 703 1277 et
724 1213 778 1277 ille
800 1213 970 1297 multiiugo
992 1213 1094 1278 fultus

125 1300 260 1383 imperio
283 1304 316 1363 et
336 1302 442 1363 uestro
459 1299 560 1364 laetus
575 1298 694 1384 tegitur
716 1298 910 1380 umbracula,
933 1319 1012 1382 quos
1030 1297 1095 1362 scit

127 1405 165 1448 ex
188 1405 245 1449 sua
267 1385 366 1467 stirpe
389 1384 541 1466 creuisse,
572 1387 605 1446 et
626 1382 745 1469 glorias
767 1384 891 1447 uestras
919 1382 1001 1446 iuste
1029 1381 1093 1446 sibi

88 1480 113 1521 1⁵
126 1467 278 1533 uindicat.
307 1467 393 1533 hunc
415 1490 492 1553 ergo
514 1468 614 1551 illum,
637 1468 692 1552 qui
714 1467 846 1552 abipso
868 1467 975 1532 fuerat
993 1467 1098 1530 frater

127 1552 275 1633 adscitus,
298 1551 413 1634 puduit
434 1552 563 1633 imitari,
586 1551 659 1616 huic
683 1551 774 1616 illum
797 1553 831 1615 in
846 1550 1020 1635 Capitolini
1042 1551 1094 1615 lo-

128 1637 176 1701 uis
197 1636 319 1733 templo
340 1637 461 1732 iurasse
482 1636 651 1719 poenituit.
679 1658 745 1700 non
767 1636 866 1700 miror
887 1637 971 1720 quod
993 1635 1095 1701 etiam

126 1724 431 1901 gengrffiperpirpppt.
441 1808 489 1868 est
515 1803 608 1901 firlcs,
637 1804 717 1870 haec
744 1805 856 1890 religio
878 1804 1020 1869 Palatini
1045 1825 1095 1869 sa·

89 1901 114 1942 ²⁰
129 1909 223 1952 crarn
251 1887 367 1952 deuota
395 1888 627 1972 penetrahbus,
655 1892 692 1953 ut
718 1890 806 1954 lente
833 1892 864 1953 ct
892 1891 1094 1972 cunctanter,

126 1973 192 2037 iam
215 1972 337 2037 scilicet
359 1994 430 2037 cum
451 1972 515 2037 illis
530 1973 608 2037 belli
624 1974 775 2055 consiliis,
797 1974 912 2038 itinere
932 1973 1095 2057 confecto,

128 2057 326 2140 consumptis
349 2057 449 2143 copiis
472 2059 675 2122 mansionum
697 2059 824 2142 nequis
848 2058 999 2143 consequi
1021 2079 1095 2141 pos·

88 2140 93 2148 “
129 2146 178 2207 set
199 2142 371 2223 exercitus,
395 2145 527 2226 repente
548 2143 634 2207 intra
655 2145 793 2226 parietes
817 2141 997 2206 consideret
1017 2164 1094 2226 pur·

126 2229 259 2312 puratus
282 2229 315 2291 et
336 2226 385 2291 bis
407 2228 586 2311 depositum
607 2228 702 2292 tertio
723 2231 893 2311 usurparet
912 2227 1094 2310 imperium,

89 2325 115 2366 2⁵
127 2313 251 2377 litteras
274 2310 314 2376 ad
330 2312 548 2377 sollicitandos
563 2312 718 2376 exercitus
740 2313 894 2395 mitteret,
917 2311 1013 2376 fidem
1034 2312 1095 2376 mi-

127 2397 220 2461 litum
251 2397 464 2479 praemiorum
498 2397 715 2461 ostentatione
747 2397 877 2461 turbare
904 2398 1094 2480 temptaret3

128 2501 237 2544 secure
263 2480 385 2545 scilicet
406 2502 520 2545 usurus
543 2481 682 2544 exercitu
710 2502 804 2565 quem
826 2480 957 2544 uenales
979 2501 1096 2544 manus

128 2563 245 2627 habere
268 2563 435 2628 docuisset.
481 2585 543 2646 quc
566 2565 694 2648 quidem
716 2565 802 2629 illius
826 2586 930 2629 errore
953 2563 1095 2628 declara·

128 2649 197 2710 tum
220 2649 277 2729 est,
300 2647 483 2730 imperator,
507 2650 645 2732 quantus
661 2651 694 2711 te
708 2649 847 2713 militurn
861 2651 989 2714 tuorum
1004 2670 1096 2713 amor

90 2746 115 2786 ³0
130 2731 402 2814 complecteretur,
424 2732 479 2814 qui
499 2733 532 2794 te
554 2731 703 2796 omnibus
725 2733 819 2798 donis
842 2755 923 2816 quae
944 2732 999 2797 ille
1020 2753 1095 2816 pro·

128 2817 267 2899 miserat,
291 2816 439 2881 omnibus
453 2814 611 2880 honorum
631 2815 845 2882 oblationibus
860 2817 1094 2916 praetulerunt.

128 2922 201 2966 rara
221 2900 278 2964 illa
299 2900 401 2966 uirtus
424 2900 642 2966 continentiae
665 2902 720 2965 uix
742 2925 760 2966 a
782 2923 892 2986 paucis
916 2901 1096 2986 sapientiae

128 2985 397 3070 praeceptoribus
426 2987 455 3050 sc'
475 2988 584 3050 tamen
607 2986 788 3071 aliquando,
816 2989 941 3052 seruata
962 2989 1096 3071 propter

128 3124 330 3132 *une—...-

197 3193 212 3240 3
225 3189 288 3240 fort.
302 3205 403 3241 muner.
417 3193 490 3241 Νι
504 3207 606 3244 muner.
620 3192 684 3242 fort.
696 3193 716 3241 B
727 3194 776 3241 cv
788 3190 798 3257 ΙΙ
812 3195 842 3244 13
855 3193 962 3257 tegitur
973 3191 1064 3243 laetus
1077 3192 1096 3240 0

130 3253 142 3323 ll
163 3259 196 3308 14
214 3257 267 3308 sibi
285 3259 358 3309 iuste
376 3255 462 3323 ⁰ll5
480 3256 571 3326 illum]
591 3275 652 3311 eum
663 3261 728 3309 ΔΨ
744 3258 748 3324 Ι
763 3262 823 3326 ipso
840 3263 949 3325 scripsi:
966 3259 1016 3309 illo
1033 3260 1060 3307 1
1080 3255 1093 3324 ΙΙ

128 3327 162 3376 lt
178 3325 250 3376 hunc
265 3324 342 3377 illum
357 3327 389 3375 W
402 3324 412 3391 l
426 3329 457 3377 17
475 3327 571 3378 mirum
589 3330 648 3379 edd.
662 3325 718 3394 1120
735 3327 917 3392 penetrabilis
934 3325 1021 3393 (11126
1038 3330 1097 3376 tur-

127 3394 208 3445 baret
221 3397 354 3460 emptaret
364 3395 388 3442 Δ
400 3396 523 3446 turbaret
535 3411 581 3448 cm.
594 3399 730 3460 emptaret
742 3396 775 3444 W
787 3393 797 3461 [l
810 3397 842 3446 28
860 3411 914 3460 quo
927 3408 965 3444 w:
985 3392 1057 3460 quod
1067 3394 1096 3440 1

130 3458 142 3528 ll
162 3463 196 3514 30
208 3462 254 3527 qui
271 3477 295 3513 e.
308 3466 336 3513 te
348 3461 371 3511 Δ
382 3459 392 3528 ll
405 3465 437 3514 31
455 3460 600 3529 honorum]
619 3462 716 3514 horum
727 3462 760 3512 W
771 3461 782 3528 ss
794 3465 826 3515 33
845 3464 869 3513 si
887 3465 991 3515 addidi:
1009 3476 1056 3514 om.
1067 3461 1097 3509 lt
