2294 3780
466 182 683 233 PRAEFATIO.
990 184 1060 237 XIII

149 338 201 397 Ex
229 337 274 396 eis
303 354 383 415 quae
411 337 444 395 in
472 334 499 394 A
527 356 557 414 p.
584 337 643 396 198
673 345 704 395 et
728 338 788 395 199
817 336 962 415 leguntur
989 336 1059 396 sub-

85 420 309 501 scriptionibus
324 428 412 499 patet
421 419 593 498 Hergotum
609 420 647 479 ah
664 440 690 477 a.
706 422 917 482 1458—1460
932 422 1059 499 Magnu-

85 508 149 566 tiee
172 513 392 566 commoratum
415 523 492 565 esse.
527 523 606 583 quoe
628 506 722 583 igitur
743 506 840 583 magis
863 508 1061 585 inpromptu

87 599 136 650 est
162 590 342 651 coniectura
364 608 454 668 quem
481 588 589 649 eodem
617 589 671 649 illo
694 597 832 669 tempore
854 592 1060 670 penegyrIcoe

85 693 214 754 quoqne
242 694 312 735 eum
340 693 380 733 ex
407 673 512 734 codice
535 674 717 753 Meguntino
745 676 857 752 partim
884 677 985 753 ipsum
1007 674 1060 734 de-

86 760 260 838 scripsisse,
276 759 388 837 partim
404 756 622 818 describendos
638 778 761 818 curasse
778 758 831 835 (of.
847 770 913 819 not.
929 780 960 838 p.
974 758 1060 834 x1)‘.›

87 863 128 904 ea
150 852 254 904 autem
276 862 345 901 cnm
363 863 435 902 cura
453 842 501 902 illi
517 842 665 922 descripti
686 852 757 902 sunt
776 853 819 916 ut,
843 845 870 902 si
884 843 1060 903 leuidenses

86 928 241 1008 quosdam
262 925 381 986 scribae
403 946 536 994 errores,
565 936 599 987 nt
620 946 677 1006 par
700 936 758 1000 est,
789 929 970 1000 omittimus,
995 928 1060 989 fere

86 1013 208 1092 depicti
235 1010 404 1072 uideantur
432 1011 594 1090 archetypi
622 1011 744 1071 ductus.
794 1013 855 1072 iarn
882 1015 908 1071 si
937 1011 964 1071 A
993 1032 1061 1072 oum

85 1096 111 1155 B
134 1095 158 1157 G
178 1095 207 1156 V
227 1095 268 1157 W
294 1114 517 1174 comparamus,
552 1095 614 1155 dici
641 1098 696 1156 uix
723 1103 825 1175 potest
852 1105 1001 1175 qnantum
1028 1097 1060 1155 hi

86 1200 163 1260 prae
184 1179 269 1239 illins
292 1181 485 1259 praestantia
506 1180 664 1243 sordeant.
692 1200 760 1240 cum
782 1191 884 1241 autem
908 1182 1060 1240 sexcentis

85 1266 164 1326 loeis
186 1266 254 1324 sine
277 1266 310 1323 in
329 1264 450 1324 lacunis
472 1265 540 1323 sine
561 1266 595 1324 in
618 1265 799 1342 corruptelis
821 1266 887 1323 siue
911 1266 943 1322 in
964 1284 1060 1342 praua

86 1349 254 1410 uerborum
281 1348 485 1408 collocatione
509 1348 535 1407 B
557 1348 577 1408 0
599 1349 628 1407 V
648 1347 688 1408 W
715 1350 801 1426 quasi
828 1349 950 1425 agmine
979 1347 1059 1407 fecto

90 1431 239 1494 0011th
260 1441 354 1506 stent,
376 1434 443 1492 fieri
465 1453 529 1493 nou
551 1441 654 1512 potest
676 1434 751 1511 quin
774 1432 829 1505 illi,
853 1433 993 1510 quamuis
1017 1432 1060 1492 di-

87 1520 172 1579 uerei
193 1520 278 1578 inter
299 1536 348 1590 se,
376 1526 480 1578 temen
503 1537 522 1576 a
543 1519 695 1578 communi
723 1517 786 1576 sint
807 1518 902 1596 stirpe
926 1515 1059 1577 deducti.

85 1603 194 1682 itaque
215 1604 244 1662 si
265 1609 440 1680 reputamus
463 1603 495 1660 in
510 1601 604 1662 Italia
619 1602 783 1680 plerosque
807 1621 910 1661 eorum
931 1602 1059 1680 scriptos

85 1707 167 1759 esse,
190 1685 275 1765 qnid,
295 1704 422 1765 quaeso,
437 1688 503 1746 ueri
519 1694 566 1745 est
580 1687 707 1745 similius
723 1706 813 1764 quarn
829 1707 867 1746 ex
882 1687 1059 1765 apographo

85 1792 105 1830 a
127 1770 196 1830 Ioe.
219 1770 359 1849 Aurisps
379 1770 460 1830 facto
481 1769 638 1831 Bcvw
658 1770 805 1829 fluxisse?
838 1771 910 1829 hinc
932 1780 1059 1830 stemma

84 1854 232 1915 codicum
252 1873 390 1914 meorum
412 1854 518 1914 euadit
539 1854 631 1913 hoco:

175 2106 202 2166 A
574 2107 729 2185 Aurispae
753 2107 909 2185 exemplar

882 2317 997 2467 tlt

794 2487 916 2571 <mro

152 2612 224 2670 Duo
246 2611 343 2689 igitur
365 2610 528 2689 archetypi
542 2610 721 2688 Maguntini
743 2611 824 2669 facta
846 2621 919 2668 sunt
936 2609 1059 2669 saeculo

84 2696 152 2756 XV
175 2693 368 2774 apographa,
399 2714 495 2753 unum
519 2694 710 2772 diligentiuS,
740 2695 869 2752 alterum
891 2701 998 2772 utpote
1021 2691 1059 2753 ab

85 2780 173 2841 Italo
195 2778 422 2857 neglegentius.
466 2797 568 2857 neque
591 2788 694 2838 tamen
718 2797 754 2836 eo
776 2776 966 2837 solummodo
989 2796 1058 2856 pec·

85 2864 177 2925 cauit
188 2862 324 2940 Aurispe
338 2862 421 2940 quod
437 2863 533 2922 multa
547 2863 626 2922 false
642 2863 814 2941 descripsit,
834 2862 929 2920 multe
945 2862 1059 2920 omisit:

84 2951 194 3028 ipsum
215 2948 276 3007 iam
292 2946 343 3006 hic
364 2947 428 3006 illic
450 2948 585 3006 criticum
607 2948 707 3025 egisse
722 2955 825 3024 potest
848 2946 1060 3006 animaduerti.

85 3031 191 3092 ueluti
212 3049 286 3110 pan.
309 3030 359 3090 IX
382 3030 421 3088 22
452 3032 569 3090 ‘cessat
594 3040 676 3091 terre
705 3030 883 3102 noualibus,
915 3031 1061 3090 dicuntur

84 3114 245 3177 interdum
257 3114 383 3174 flumina
398 3116 551 3187 resistere,
568 3116 613 3174 sol
628 3117 696 3193 ipse
713 3115 854 3189 noctibus
870 3116 1058 3193 acquiescit',

83 3346 138 3383 nea
151 3331 172 3384 l.
186 3330 206 3380 1.
218 3345 246 3394 p.
258 3333 401 3394 stt-320,
420 3330 508 3381 edidit
519 3331 677 3393 Muellerus,
695 3347 807 3396 quarum
819 3330 962 3395 plerasque
976 3331 1059 3379 etiam

83 3397 266 3464 Upsalieneis
289 3399 407 3450 exhibet.
443 3398 512 3449 false
530 3407 623 3450 eutem
646 3415 724 3449 suum
744 3399 866 3449 codicem
888 3412 974 3448 mann
989 3398 1063 3446 Rer-

84 3467 150 3533 goti
168 3466 303 3530 scriptum
322 3481 382 3518 esse
400 3468 499 3517 statuit
516 3466 594 3519 idem.
