2294 3780
285 121 470 175 canarno.
488 123 698 176 Maximam.
718 127 826 176 12-1e.
981 125 1043 189 113

70 271 180 356 magis
208 270 244 335 in
264 271 358 335 uobis
378 270 530 337 fiduciam
550 272 783 355 pertimescunt
804 275 888 358 quod
910 295 943 339 se
966 296 1041 339 con-

70 354 178 419 temni
192 355 346 437 sentiunt,
370 377 449 420 cum.
463 356 696 441 relinquuntur.
725 357 833 441 itaque
856 358 936 421 illud
957 359 1041 442 quod

71 438 112 505 de
134 441 245 505 uestm
266 440 385 504 cecinit
405 443 503 523 poeta
523 439 689 505 Romanus
710 439 788 505 Ioue
811 441 910 507 ‘Iouis
933 444 1042 506 omnia

70 523 194 607 pleraq
227 522 260 587 id
289 523 412 588 scilicet
437 524 544 589 animo
573 526 821 622 contemplatus,
850 547 1040 610 quamquam

71 608 142 691 ipse
163 607 311 691 Iuppiter
337 629 496 673 summum
524 609 603 673 caeli
631 613 785 673 uerticem
807 613 918 674 teneat
946 630 1067 695 supraa

69 691 187 756 nubila
218 713 375 776 supraque
411 696 525 757 uentos
560 693 674 756 sedens
706 694 742 757 in
772 694 843 758 luce
876 698 1040 779 perpetua,

71 797 196 841 numen
226 771 334 840 tamen
367 777 435 841 cius
468 798 506 842 ac
533 780 675 841 mentem
707 780 777 842 toto
804 779 946 842 infusam
972 800 1041 844 esse

71 861 209 943 mundo,
245 860 278 923 id
312 882 399 925 nunc
432 881 493 945 ego
526 861 564 925 de
597 864 731 945 utroque
763 865 906 926 uestrum
939 863 1041 927 audeo

71 944 275 1029 praedicare:
297 944 489 1028 ubicumque
511 946 591 1028 sitis,
614 946 649 1009 in
670 967 770 1010 unum
793 946 869 1011 licet
885 947 1041 1031 palatium

71 1029 309 1111 concesseritis,
351 1029 552 1093 diuinitatem
583 1032 724 1093 uestram
757 1029 874 1114 ubique
907 1032 1038 1115 uersari,
1054 1049 1079 1089 10

71 1133 189 1177 omnes
218 1115 321 1176 terras
358 1113 526 1196 omniaque
563 1114 664 1178 maria
696 1114 792 1197 plena
828 1136 897 1178 esse
931 1116 1040 1179 uestri.

71 1195 151 1280 quid
174 1196 258 1260 enim
286 1197 402 1262 mirum
431 1197 474 1279 si,
504 1219 575 1261 curn
597 1198 698 1281 possit
719 1197 772 1262 hic
793 1198 932 1262 mundus
954 1199 1041 1263 Iouis

72 1301 143 1345 csse
189 1281 295 1365 lenus,
318 1282 422 1364 possit
443 1284 480 1345 et·
496 1280 667 1345 Herculis?

137 1363 169 1429 X
203 1412 211 1427 .
254 1366 417 1430 Admonet
444 1386 495 1428 me
523 1368 558 1429 et
578 1364 732 1447 temporis
759 1368 791 1427 et
812 1364 876 1428 loci
898 1364 981 1428 ratio
1008 1368 1041 1428 ct

70 1448 253 1513 maiestatis
276 1453 352 1513 tuae
379 1450 558 1514 reuerentia
583 1451 621 1512 ut
641 1449 738 1512 finem
766 1447 1078 1532 dicendiiaciam,1s

70 1554 266 1617 quamquam
294 1534 333 1598 de
359 1533 514 1598 felicitate
548 1536 656 1597 uestra
682 1536 749 1597 tam
778 1554 880 1616 pauca
907 1533 1040 1597 dixerim

71 1620 196 1681 ettam
216 1617 321 1682 multa
340 1620 471 1682 restent.
501 1617 571 1696 sed,
596 1638 684 1699 ecoe,
707 1622 901 1702 suggerunt:
925 1617 1041 1682 ‘adhuc

70 1704 166 1784 potes
194 1700 299 1766 dicere
327 1702 366 1766 de
394 1702 582 1765 salubritate
600 1704 788 1785 ¹temporum
816 1705 848 1766 et
873 1701 1042 1766 fertilitate

70 1789 254 1851 terrarum'.
308 1807 420 1850 reuera
459 1788 561 1867 enim,
605 1786 818 1851 sacratissime
858 1787 1040 1870 imperator,

72 1869 192 1935 seimus
219 1891 346 1953 omnes,
376 1874 451 1934 ante
477 1890 572 1952 quam
598 1890 656 1935 uos
684 1870 819 1935 salutem
845 1871 892 1934 rei
916 1871 1079 1936 ublicaero

71 1953 263 2038 redderetis,
290 1958 411 2039 quanta
436 1953 567 2038 frugum
594 1954 720 2038 inopia,
748 1893 1041 2039 quantalunerum

73 2038 170 2122 copia
200 2038 299 2102 fuerit
329 2039 413 2103 fame
463 2038 559 2102 assim
594 2039 776 2122 morbisque
807 2039 1039 2122 grassantibus.

72 2125 111 2185 ut
132 2144 208 2187 uero
232 2123 336 2188 lucem
358 2123 450 2207 genti
472 2144 510 2187 us
538 2122 712 2205 extulistis,
741 2122 855 2187 exinde
884 2123 1040 2185 salutares

72 2205 206 2290 spiritus
226 2206 345 2292 iugiter
363 2210 508 2271 manant.
535 2207 643 2271 nullus
661 2227 739 2290 ager
752 2204 836 2268 fallit
851 2204 1038 2288 agricolam,

71 2291 245 2374 nisiquod
266 2312 357 2375 spem
382 2291 527 2355 ubertate
549 2292 687 2373 superat.
731 2288 898 2352 hominum
921 2291 1041 2352 aetates
1054 2306 1079 2345 rs

72 2378 107 2439 et
142 2396 294 2439 numerus
331 2379 499 2460 augentur.
554 2375 707 2458 rumpunt
742 2372 859 2435 horrea
895 2371 1041 2436 conditae

72 2480 207 2544 messes,
245 2463 277 2523 et
308 2462 416 2525 tamen
450 2459 575 2524 cultura
607 2457 798 2541 duplicatur.
852 2457 908 2520 ubi
941 2456 1041 2521 siluae

71 2543 179 2691 gnere,
209 2544 275 2607 iam
297 2565 388 2629 seges
410 2546 475 2608 est:
511 2543 661 2607 metendo
683 2545 717 2606 et
738 2540 966 2607 uindemiando
989 2541 1041 2606 de·

96 2649 209 2693 cimus.

137 2711 227 2776 XVI.
271 2711 355 2776 Illud
376 2732 467 2794 uero,
494 2732 561 2775 non
584 2713 775 2796 suggeratur
796 2711 889 2792 licet,
916 2730 1041 2793 quoquo
1054 2727 1080 2767 ³0

72 2797 168 2861 modo
195 2796 313 2875 dicam,
342 2798 513 2879 antequam
539 2795 699 2859 desinam:
735 2797 859 2858 tantam
888 2815 956 2858 esse
983 2794 1041 2855 inr-

141 3036 158 3084 3
170 3034 215 3084 die
229 3036 246 3083 0
261 3029 267 3098 Ι
283 3033 412 3085 cecidilc
426 3031 431 3099 1
446 3033 486 3084 Ιο.
499 3034 591 3083 omnia
603 3032 687 3099 plena
700 3033 845 3082 Liuineius:
863 3032 938 3081 Iouis
951 3031 1041 3080 omnia

73 3115 136 3151 esse
154 3102 192 3165 Ι,
211 3116 273 3151 esse
291 3116 338 3151 om.
356 3102 448 3157 Bere,-
465 3101 500 3164 cf.
516 3102 593 3165 Uerg.
614 3104 660 3153 ecl.
679 3100 729 3149 III
748 3102 780 3148 60
798 3095 809 3163 ΙΙ
827 3101 841 3149 'l
860 3099 912 3147 toti
929 3098 1006 3161 Casa.
1028 3095 1041 3161 l!

73 3170 106 3219 18
124 3174 204 3233 potes
223 3183 261 3218 w:
280 3172 370 3233 potest
386 3170 413 3217 Η
428 3165 433 3231 Ι
448 3168 543 3218 dicere
561 3170 629 3216 cw:
649 3167 786 3217 ducerent
798 3164 808 3230 ΙΙ
822 3167 853 3215 19
873 3165 945 3215 enim
964 3167 1042 3216 cac

74 3233 80 3301 1
94 3250 151 3288 sac.
162 3238 191 3284 Η
207 3235 217 3301 ll
235 3239 267 3287 21
287 3235 461 3286 reddideritis
477 3236 537 3286 edd.
554 3233 564 3301 ΙΙ
581 3238 614 3286 22
632 3235 714 3285 fucrit
725 3234 900 3284 Schwarzius:
919 3232 973 3282 fuit
983 3234 1010 3280 Μ
1028 3230 1041 3295 Η

71 3305 107 3354 25
125 3301 246 3369 aetates]
268 3308 295 3353 et
314 3318 358 3352 res
369 3303 506 3354 Meuanas
518 3301 528 3367 ΙΙ
541 3305 574 3353 26
593 3307 710 3367 angetur
727 3303 754 3350 Η
770 3299 780 3365 l
797 3303 830 3352 28
849 3300 998 3351 defecimus
1015 3300 1042 3346 Μ

75 3368 88 3435 ΙΙ
109 3373 143 3422 30
162 3370 294 3437 quomodo
312 3372 340 3419 Ι
360 3368 370 3435 ΙΙ
391 3373 421 3421 31
441 3370 562 3421 desinam
580 3385 618 3420 w:
639 3369 768 3419 desinant
785 3370 813 3416 ll
831 3367 835 3433 Ι
856 3372 963 3418 tantam
983 3380 1044 3416 esse

73 3438 107 3487 W
125 3438 216 3489 Bere:
235 3442 313 3488 tanta
331 3439 424 3489 inesse
441 3438 464 3486 Δ
482 3441 499 3487 c
517 3438 539 3486 V
557 3443 661 3489 tantam
678 3437 770 3486 inesse
788 3437 808 3484 B

120 3528 208 3572 Pruna.
221 3538 278 3571 nar.
875 3519 892 3567 8
