2294 3780
127 170 188 234 178
443 169 506 227 vn.
535 166 682 219 messer
701 165 780 216 ris.

125 320 271 406 profecto
293 320 383 383 illam
400 338 524 402 quoque
545 317 688 380 numinis
703 315 752 379 tui
773 314 880 379 sedem
904 316 936 378 et
951 313 1094 377 calentes

125 428 222 491 aquas
251 406 319 469 sine
341 404 407 467 ullo
435 401 495 465 soli
517 401 657 464 ardentis
681 400 814 481 indicio,
844 421 978 483 quarum
1003 397 1095 462 nulla

125 491 259 556 tristitia
287 491 336 552 est
357 486 479 569 saporis
507 489 562 549 aut
582 484 716 567 halitus,
746 485 802 548 sed
823 485 897 547 talis
919 483 1036 547 haustu
1061 485 1095 546 et

126 577 221 641 odore
243 572 409 637 sinceritas
431 571 533 654 qualis
555 569 694 633 fontium
715 569 916 654 frigidorum.
946 567 1038 631 dabis
1062 570 1096 631 et

100 660 193 723 sillic
220 678 369 738 munera,
405 656 579 719 constitues
608 655 793 738 priuilegia,
826 655 929 736 ipsam
957 651 1095 734 denique

126 744 263 829 patriam
283 763 386 806 meam
401 740 502 825 ipsius
517 738 580 802 loci
601 739 807 802 ueneratione
824 737 981 802 restitues.
1004 737 1096 800 cuius

127 827 267 893 ciuitatis
295 827 428 909 antiqua
455 823 606 888 nobilitas
635 827 667 888 et
688 823 848 907 quondam
868 822 1011 886 fraterno
1039 842 1096 904 po·

127 912 195 997 puli
217 911 358 974 Romani
385 911 516 974 nomine
539 907 678 993 gloriata
706 928 799 990 opem
820 910 894 970 tuae
916 905 1097 970 maiestatis

128 999 290 1080 expectat,
327 999 363 1059 ut
395 994 461 1058 illic
495 1014 619 1077 quoque
651 993 724 1056 loca
751 991 881 1074 publica
914 994 947 1054 et
973 990 1097 1073 templa

89 1101 114 1140 ιο
128 1080 344 1165 pulcherrima
366 1082 422 1142 tua
443 1078 636 1142 liberalitate
658 1079 862 1160 reparentur,
885 1076 979 1139 sicuti
1001 1075 1097 1138 uideo

128 1165 213 1230 hanc
238 1164 526 1229 fortunatissimam
554 1162 732 1241 ciuitatem,
766 1161 854 1224 cuius
882 1159 999 1223 natalis
1028 1159 1097 1223 dies

128 1254 184 1315 tua
206 1250 326 1335 pietate
349 1248 540 1329 celebratur,
569 1246 616 1310 ita
646 1247 769 1310 cunctis
797 1244 965 1309 moenibus
992 1264 1097 1308 resur·

128 1338 259 1421 gentem
287 1338 324 1399 ut
351 1356 385 1398 se
407 1330 639 1418 quodammodo
661 1330 802 1415 gaudeat
826 1329 902 1392 olim
926 1329 1096 1411 corruisse,

130 1423 251 1484 auctior
271 1420 337 1483 tuis
359 1419 445 1483 facta
466 1417 639 1481 beneficiis.
665 1416 758 1480 uideo
782 1415 899 1478 circum
922 1414 1098 1477 maximum

91 1521 117 1560 1⁵
131 1504 304 1586 aemulum,
327 1503 436 1584 cred0,
459 1502 619 1583 Roman0,
642 1501 734 1564 uideo
755 1500 903 1563 basilicas
926 1501 959 1562 et
980 1498 1097 1580 forum,

131 1609 227 1671 opera
253 1588 356 1671 regia,
387 1587 555 1669 sedemque
582 1584 723 1648 iustitiae
752 1585 787 1648 in
809 1586 933 1647 tantam
956 1582 1099 1646 altitudi-

129 1694 205 1736 nem
226 1671 373 1736 suscitari
397 1673 432 1733 ut
447 1691 480 1733 sc
501 1668 656 1733 sideribus
678 1672 710 1732 et
727 1669 813 1737 caelo
829 1667 983 1751 contigua
1005 1670 1038 1730 et
1052 1665 1099 1730 ui·

132 1757 203 1819 cina
225 1756 424 1838 promittant.
470 1775 550 1836 quae
579 1757 664 1816 certe
692 1754 801 1817 omnia
824 1755 900 1815 sunt
920 1751 1100 1834 praesentis

131 1860 274 1906 munera.
303 1858 520 1921 quaecumque
541 1839 626 1901 enim
648 1837 718 1900 loca
733 1837 991 1920 frequentissime
1006 1840 1099 1900 tuum

92 1940 119 1980 20
132 1944 251 1986 numen
272 1921 423 2004 illustrat,
448 1921 482 1984 in
502 1921 553 1985 his
577 1922 684 1985 omnia
707 1925 740 1985 et
753 1921 936 1985 hominibus
959 1924 992 1984 et
1015 1941 1098 1984 moe·

131 2007 226 2070 nibus
256 2029 294 2071 ex
315 2006 502 2078 muneribus,
523 2009 586 2071 tols
614 2010 788 2090 augentur3
819 2027 880 2069 nec
902 2005 1007 2090 magis
1029 2005 1100 2069 Ioui

132 2095 164 2156 et
185 2091 302 2156 Iunoni
329 2091 557 2156 recubantibus
585 2112 688 2155 nouos
710 2091 803 2154 flores
825 2094 911 2154 terra
939 2089 1101 2154 summisit

132 2198 226 2260 quam
250 2177 333 2241 circa
355 2181 421 2260 tua,
445 2176 667 2259 Constantine,
691 2176 828 2259 uestigia
850 2175 944 2238 urbes
967 2178 1000 2238 et
1019 2177 1101 2238 tem·

131 2262 186 2346 pla
214 2265 423 2345 consurgunt.
468 2261 601 2344 ideoque
623 2261 686 2324 hoc
712 2260 796 2323 uotis
820 2260 899 2323 meis
922 2258 1043 2323 sufficit
1063 2260 1101 2321 ut

93 2364 118 2404 2⁵
131 2349 270 2432 patriam
299 2367 404 2410 meam
433 2345 542 2409 uideas
565 2346 700 2409 ducente
722 2344 856 2427 pietate,
885 2343 960 2427 quia
989 2343 1100 2407 statim

133 2433 194 2494 erit
215 2430 381 2512 restituta,
409 2430 436 2494 si
458 2429 586 2493 uideris.
621 2429 677 2492 scd
699 2430 785 2492 enim
806 2429 870 2491 ista
892 2427 1031 2491 felicitas
1054 2427 1101 2491 ui·

133 2515 216 2577 derit
238 2537 278 2577 an
301 2515 404 2577 adhuc
426 2535 516 2576 meae
538 2514 691 2576 debeatur
713 2514 820 2576 aetati.

196 2597 318 2661 XXIII.
363 2597 498 2660 Interim
526 2597 677 2679 quoniam
706 2597 746 2660 ad
768 2619 925 2661 summam
950 2598 1102 2660 uotorum

133 2702 276 2745 meorum
312 2683 368 2744 tua
400 2680 589 2764 dignatione
621 2681 769 2764 pensem,
807 2684 844 2745 ut
876 2681 959 2745 hanc
995 2703 1102 2744 meam

94 2781 120 2822 ³⁰
133 2765 394 2850 qualemcumque
416 2785 528 2829 uocem
550 2764 683 2828 diuersis
705 2766 768 2828 fori
795 2771 828 2829 ct
849 2765 962 2848 palatii
985 2765 1103 2829 officiis

201 2941 309 3004 2solis'
320 2951 404 3018 Wl3
422 2957 470 3002 aut
488 2952 600 3004 babitus
617 2952 935 3019 Wlduenerationem
952 2955 975 3002 A
992 2950 1002 3017 ΙΙ
1020 2954 1036 3003 9
1053 2967 1104 3017 pu·

133 3021 206 3072 blica
224 3038 271 3072 cm.
291 3021 324 3069 W
347 3019 357 3086 ΙΙ
384 3023 414 3072 10
432 3021 514 3095 eicqti
533 3023 678 3072 Liuineius:
697 3023 769 3072 sicut
787 3021 831 3072 hic
848 3024 875 3071 Η
899 3019 909 3087 ΙΙ
934 3023 964 3071 11
985 3021 1103 3070 fortissi-

134 3105 205 3139 mam
224 3088 299 3138 Berr.
322 3086 332 3153 ΙΙ
354 3091 385 3138 17
402 3089 498 3153 &tigna
515 3092 623 3154 scripsi:
641 3090 724 3154 digna
740 3089 767 3136 Al
788 3089 798 3155 Η
821 3092 852 3140 18
870 3089 1028 3155 praesentis
1045 3102 1103 3137 rnn-

133 3171 200 3206 nsra
217 3157 325 3220 scripsi:
349 3157 491 3219 presentia
509 3173 622 3207 munera
639 3160 667 3205 Η
687 3158 865 3222 praescntiae
884 3163 946 3207 tuae
964 3171 1037 3206 mun.
1056 3156 1103 3204 Li-

133 3226 231 3274 uineius
248 3220 258 3288 ΙΙ
279 3226 311 3273 20
330 3225 421 3273 omnis
439 3228 468 3274 et
485 3223 555 3274 hom.
575 3225 642 3273 AW
654 3225 742 3275 Bert:
763 3229 790 3274 et
808 3225 878 3274 hom.
898 3225 988 3275 omnia
1006 3223 1026 3272 B
1045 3225 1062 3271 c
1082 3223 1105 3270 V

136 3289 148 3357 Η
176 3293 208 3341 21
227 3306 260 3340 ex
277 3292 436 3343 muneribus
455 3291 511 3342 tuis
528 3295 624 3354 scripsi
639 3297 655 3347 l.
675 3296 690 3346 l.
708 3309 735 3357 p.
755 3295 821 3341 220:
840 3296 869 3341 et
886 3292 1044 3341 muneribus
1061 3292 1102 3353 13

133 3376 167 3411 an
185 3360 334 3410 delendum?
355 3355 365 3423 ΙΙ
386 3362 418 3410 22
437 3364 465 3410 st
482 3375 528 3410 om.
541 3361 608 3408 Aw
626 3360 780 3424 Iunonique
799 3360 858 3413 edd.
875 3357 879 3422 Ι
895 3359 1063 3408 recumbant.
1080 3359 1105 3406 A

137 3426 149 3494 ll
181 3429 214 3478 25
241 3429 372 3492 pietatem
394 3430 417 3477 A
434 3427 454 3476 B
473 3428 496 3475 V
524 3424 534 3493 ss
564 3429 596 3477 29
620 3443 707 3477 meam
729 3443 776 3478 om.
798 3427 831 3475 W
860 3424 870 3491 ΙΙ
900 3428 933 3477 30
960 3424 1013 3476 fori
1041 3441 1104 3490 epo:

133 3496 184 3547 otii
201 3497 230 3545 Ι
240 3500 247 3558 l
260 3493 351 3562 palati
368 3494 456 3546 officii
473 3497 497 3544 A
