2294 3780
291 144 476 197 Gaurana.
493 146 701 198 Maxlirlnxl.
726 150 800 197 3—5.
968 144 1029 210 105

60 293 193 374 bamus,
230 295 314 378 quod
347 295 566 378 expeditiones
603 299 725 359 uestras
762 316 931 359 numerare
962 317 1029 360 non

60 398 249 461 possumus,
279 378 365 463 quod
393 378 511 444 diutius
538 380 572 445 in
599 379 700 445 isdem
727 401 857 444 manere
884 380 1029 464 uestigiis

61 462 298 546 dedignamini,
327 463 413 548 quod
434 485 491 528 uos
515 487 533 528 a
556 465 708 528 continuo
731 486 825 528 cursu
847 485 953 528 rerum
975 486 1029 549 ge-

59 546 234 611 rendarum
255 568 320 612 non
338 547 432 613 modo
453 549 628 613 amoenitas
644 549 787 613 locorum
808 553 865 612 aut
878 548 1030 612 nobilitas

61 630 205 715 urbium,
235 631 290 696 sed
312 653 354 696 na
375 633 446 716 ipsa
468 634 595 715 quidem
623 633 830 698 uictoriarum
852 636 1054 697 uestrarums

62 716 187 780 laetitia
213 721 398 781 remoratur.
443 718 534 780 illum
555 718 650 782 modo
673 718 765 800 Syria
786 717 928 781 uiderat:
965 718 1029 781 iam

61 799 232 865 Pannonia
259 804 451 884 susceperat.
495 805 531 865 tu
554 803 646 866 modo
668 802 792 866 Galliae
816 802 935 885 oppida
957 802 1028 865 illu-

62 887 238 949 straueras:
260 886 325 949 iam
346 907 487 949 summas
508 907 596 950 arces
611 886 757 950 Monoeci
772 885 921 951 Herculis
939 908 1028 970 prae-

61 969 192 1032 teribas.
233 970 338 1052 ambo,
362 991 434 1034 cum
456 970 496 1033 ad
518 971 673 1035 orientem
695 971 955 1055 occidentemque
978 993 1028 1035 oe·

62 1053 172 1136 cupari
194 1054 402 1137 putaremini,
431 1058 564 1138 repente
585 1056 619 1118 in
642 1055 746 1119 medio
768 1054 883 1119 Italiae
906 1055 1067 1138 gremium

62 1138 267 1234 apparuistis.
296 1138 355 1202 hos
374 1138 498 1202 fruetus
522 1140 636 1222 capitis
657 1161 788 1223 operum
807 1138 1028 1221 maximorum,

62 1243 110 1286 sic
131 1222 261 1286 interim
283 1223 469 1288 meritorum
491 1223 687 1288 conscientia
707 1224 927 1306 triumphatis,
954 1224 1029 1286 dum

60 1305 243 1390 triumphos
278 1309 365 1391 ipsos
400 1329 525 1391 semper
556 1307 714 1371 uincendo
747 1307 895 1389 differtis,
935 1307 1028 1388 quod,

60 1412 270 1475 quaecunque
291 1391 506 1476 pulcherrima
520 1391 636 1473 facitis,
661 1391 811 1455 continuo
832 1391 975 1455 transitis
996 1395 1029 1453 et

62 1476 104 1539 ad
125 1475 248 1539 maiora
268 1477 457 1560 properatis,
480 1481 526 1559 ut,
550 1477 626 1539 dum
647 1475 785 1560 uestigia
806 1478 914 1540 uestra
935 1475 1028 1538 mira·
1043 1492 1067 1532 1⁵

60 1581 135 1624 mur
158 1559 294 1643 dumque
316 1582 373 1625 uos
396 1561 499 1626 adhuc
522 1582 590 1626 esse
616 1561 650 1625 in
673 1564 847 1644 conspectu
867 1563 1027 1643 putamus,

61 1645 126 1709 iarn
160 1644 200 1708 de
233 1645 326 1710 uobis
360 1645 524 1710 audiamus
558 1646 737 1730 longinqua
769 1645 931 1712 miracula.
982 1645 1029 1707 ita

62 1750 174 1792 omnes
210 1730 395 1812 prouinciae
430 1733 571 1813 uestrae,
610 1752 688 1814 quas
720 1729 830 1794 diuina
867 1729 1029 1793 celeritate

61 1813 269 1897 peragrastis,
292 1814 347 1878 ubi
362 1814 434 1878 sitis
455 1815 597 1879 uicissim
612 1815 777 1898 nesciunt3
800 1815 906 1879 sciunt
920 1818 1028 1878 tamen

62 1919 120 1961 uos
142 1898 260 1981 ubique
280 1899 406 1967 uicisse.
1042 1913 1067 1953 2⁰

128 1980 168 2046 V.
221 1980 283 2047 Sed
312 1983 351 2047 de
383 1983 477 2047 rebus
506 1982 630 2047 bellicis
663 1983 869 2066 uictoriisque
901 1982 1027 2063 uestris,

63 2065 278 2131 sacratissime
305 2067 350 2131 im
374 2070 494 2149 arator,
526 2067 674 2132 etmulti
700 2089 823 2131 summa
848 2067 1030 2149 eloquentia

63 2151 200 2233 praediti
227 2172 321 2235 saepe
350 2089 498 2216 dixerunt
530 2157 562 2215 et
589 2173 649 2236 ego
677 2152 815 2234 pridem,
849 2173 921 2214 cum
949 2148 1028 2212 mihi

63 2235 237 2300 auditionis
264 2239 339 2300 tuae
361 2235 471 2300 diuina
493 2237 638 2333 dignatio
667 2257 736 2299 eam
759 2236 883 2317 copiam
906 2233 1028 2311 tribuit,

63 2322 219 2401 quantum
236 2321 336 2402 potui,
358 2321 552 2404 praedicam.
582 2319 676 2383 hodie
698 2339 774 2382 uero
796 2318 823 2380 si
845 2318 884 2381 de
906 2315 1028 2380 duabus
1042 2332 1068 2373 25

61 2404 173 2486 rebus,
205 2425 285 2487 quas
317 2405 357 2468 ad
385 2405 446 2469 hoc
472 2409 599 2488 tempus
630 2401 813 2487 aptissimas
845 2401 908 2465 nisi
934 2400 1029 2464 fallor

62 2487 164 2585 elegi,
199 2487 304 2552 dicere
331 2487 411 2552 mihi
438 2489 569 2554 fauente
599 2493 707 2553 uestra
733 2487 901 2550 maiestate
929 2486 1028 2549 conti-

62 2576 163 2656 gent,
198 2571 237 2636 de
260 2572 374 2636 ceteris
396 2575 524 2639 ueniam
551 2572 672 2636 silentii
694 2574 813 2654 petam.
857 2592 923 2634 non
946 2589 1028 2634 com-

62 2677 206 2720 memoro
227 2657 328 2740 igitur
350 2657 467 2722 uirtute
488 2662 594 2722 uestra
617 2656 846 2740 rempublicam
864 2655 1028 2720 dominatu

62 2741 250 2805 saeuissimo
275 2740 457 2824 liberatam,
485 2763 549 2806 non
580 2741 651 2806 dico
679 2741 883 2805 exacerbatas
911 2737 1029 2802 saeculi
1042 2756 1068 2797 ao

61 2824 179 2908 prioris
194 2825 319 2889 iniuriis
338 2847 396 2909 per
411 2826 613 2890 clementiam
627 2829 766 2890 uestram
787 2825 828 2887 ad
843 2823 1030 2906 obsequium

62 2908 183 2973 redisse
205 2911 405 2992 prouincias,
437 2910 531 2974 mitto
558 2910 654 2974 etiam
677 2908 744 2973 dies
765 2909 864 2972 festos
886 2907 1029 2971 uictoriis

61 2994 297 3077 triumphisque
326 2994 516 3075 celebratos,
546 2997 638 3059 taceo
658 2992 815 3077 trophaea
837 2992 1030 3057 Germanica

61 3077 96 3141 in
124 3078 230 3142 media
257 3078 359 3142 defixa
388 3078 548 3161 barbaria,
583 3083 712 3142 transeo
740 3077 875 3141 limitem
899 3074 1030 3140 Raetiae

62 3201 267 3208 —---—-———

130 3268 146 3316 2
165 3265 239 3315 idem
257 3267 280 3315 Δ
300 3264 310 3330 ΙΙ
331 3270 347 3316 3
365 3266 445 3317 uobis
463 3267 495 3316 W
516 3266 519 3326 Ι
540 3281 630 3317 rerum
649 3280 730 3317 cursu
748 3266 768 3315 B
781 3267 798 3314 0
812 3266 833 3313 V
854 3263 864 3330 ΙΙ
887 3263 903 3312 8
921 3264 1030 3314 moneci

62 3333 115 3382 AB
126 3334 158 3381 V:
176 3335 280 3383 monoti
297 3336 314 3382 0
325 3337 358 3383 W
370 3332 380 3398 l
394 3335 425 3384 18
445 3348 513 3396 quas
530 3334 656 3383 Bcvw:
676 3349 758 3396 quam
769 3333 792 3381 Δ
804 3330 814 3397 ΙΙ
827 3335 858 3381 21
877 3331 1029 3395 uictoriisq.

61 3401 82 3450 B
94 3402 112 3453 0
126 3402 147 3449 V
159 3415 196 3449 w:
216 3401 395 3466 uictoribusq.
407 3401 430 3449 Δ
451 3399 461 3466 ΙΙ
482 3403 514 3451 22
533 3416 590 3451 sac.
610 3402 637 3449 Η
656 3400 662 3461 1
680 3405 707 3448 et
725 3416 771 3449 ovo.
789 3401 809 3450 B
823 3402 840 3448 0
856 3395 867 3462 ΙΙ
884 3399 915 3448 27
934 3403 1029 3447 uestra

61 3468 174 3519 fauente
194 3469 211 3518 0
227 3470 231 3533 Ι
249 3470 397 3533 contigerit
414 3483 452 3517 w:
472 3470 592 3519 conterit
609 3466 711 3533 1l33
729 3465 875 3531 triumphis
894 3464 994 3516 celebr.
1012 3465 1029 3512 0
