2294 3780
256 188 512 242 CONSTANTINO
530 189 699 241 AUGUSTO
717 193 753 242 D.
775 193 883 242 12-15.
991 191 1055 256 203

84 338 147 402 hoc
174 342 223 402 est
250 337 333 422 quod
355 339 509 402 securitas
535 342 609 423 post
630 339 794 422 timorem,
823 342 908 423 quod
930 342 1055 405 umbra·

85 423 193 487 culum
220 425 295 506 post
319 423 474 487 calorem:
511 423 714 506 splendorem
741 426 878 489 mutatio
905 426 1053 509 perdidit,

85 507 142 571 sed
164 506 266 571 aciem
288 508 416 571 retudit.

149 589 238 655 XIV.
267 589 415 656 Studium
438 593 470 655 et
488 591 669 656 humanitas
687 597 744 656 tua
764 593 894 657 hortata
915 597 973 676 est,
996 595 1054 658 im-

84 678 225 761 perator,
247 679 285 739 ut
298 676 460 760 hucusque
483 676 635 740 exultatio
650 680 760 742 nostra
781 679 887 743 uerbis
906 679 1080 743 elucerets

85 764 120 823 et
146 761 211 824 iam
239 760 282 824 ad
308 761 434 844 potiora
461 761 635 826 redeamus.
680 766 866 845 recuperata
892 764 980 827 omni
1010 765 1055 827 eis

85 844 209 909 Padum
223 844 320 909 Italia
341 845 413 929 ipsa
434 846 499 908 iam
521 845 562 908 ad
584 848 617 909 te
639 846 798 930 supplices
821 869 935 911 manus
953 847 1055 912 Roma

84 929 255 1012 tendebat,
279 929 330 993 eui
351 932 538 1013 portentum
560 930 639 993 illud
660 931 820 995 insederat
841 932 923 995 nihil
946 933 1055 997 conari

85 1035 199 1077 ausum
221 1013 263 1077 ad
283 1016 332 1077 tat
353 1014 483 1078 nuntios
506 1036 633 1077 suarum
656 1015 804 1080 cladium.
846 1017 963 1100 quippe
984 1018 1056 1101 ipsa

85 1119 119 1162 se
141 1098 290 1162 uilissimi
312 1098 452 1162 hominis
475 1098 642 1162 obsidebat
664 1100 797 1184 ignauia
819 1102 852 1163 et
871 1100 1054 1184 degeneres,
1069 1121 1093 1159 lc

84 1186 122 1245 ut
137 1182 258 1246 dictum
274 1185 333 1266 est,
347 1184 477 1249 ,animos
492 1183 587 1247 timor
607 1184 775 1269 arguebat:
800 1184 933 1247 stultum
956 1188 988 1247 et
1001 1206 1055 1249 ne·

85 1288 183 1351 quam
203 1268 324 1331 animal
337 1289 495 1351 nusquam
518 1270 607 1331 extra
621 1269 760 1350 parietes
783 1269 890 1352 egredi
907 1269 1054 1332 audebat.

85 1351 133 1416 ita
147 1351 234 1415 enim
249 1356 306 1416 aut
318 1352 477 1437 prodigiis
492 1355 548 1415 aut
561 1356 663 1415 metus
685 1353 734 1415 sui
750 1352 926 1448 praesagiis
946 1373 1055 1416 mone·

84 1437 190 1500 batur.
212 1458 271 1520 pro
285 1436 399 1520 pudor,
416 1437 503 1500 intra
517 1438 675 1519 parietum
691 1437 851 1500 custodias
866 1439 1053 1519 imperator!

84 1541 154 1584 non
168 1520 223 1584 ille
238 1522 378 1605 aspirare
394 1523 429 1585 iu
446 1543 602 1604 campum,
622 1542 688 1585 non
703 1522 842 1586 exerceri
858 1522 965 1602 armis,
989 1542 1054 1584 non
1068 1541 1092 1579 ra

84 1605 250 1688 puluerem
272 1606 356 1690 pati3
394 1608 518 1669 astutus
540 1605 682 1688 quidem,
713 1628 753 1670 ne
782 1606 924 1669 uirorum
948 1605 1055 1669 officia

84 1692 299 1772 temptantem
327 1693 571 1754 contemnerent
598 1691 653 1773 qui
680 1690 828 1755 uiderant
852 1690 1055 1754 deambulare

85 1775 142 1836 aut
169 1776 295 1837 tantum
327 1775 363 1837 in
395 1775 450 1837 illo
479 1773 599 1856 palatio
632 1776 833 1839 marmoratis
861 1775 1054 1859 pauimentis

85 1856 250 1937 incedere,
296 1880 370 1921 nam
402 1860 438 1922 in
464 1857 664 1923 Salustianos
695 1859 806 1925 hortos
839 1861 886 1924 ire
914 1861 1054 1946 peregri-

84 1941 177 2005 natio
200 1945 233 2005 et
247 1942 407 2026 expeditio
422 1944 607 2026 putabatur.
637 1946 669 2007 et
683 1943 763 2009 haec
780 1944 908 2028 quidem
923 1945 1055 2009 deliciae
1068 1965 1093 2002 ro

85 2028 156 2089 toto
178 2026 234 2090 illo
249 2029 393 2110 tempore
436 2047 477 2090 uo
499 2028 610 2091 urbem
632 2028 809 2109 obsederat,
834 2031 935 2091 semet
956 2029 1055 2091 inelu-

86 2112 182 2193 serat,
196 2112 416 2194 turpissimam
455 2132 515 2175 ano
530 2112 598 2175 eius
613 2111 817 2175 formidinem
831 2112 1054 2194 protegebant.

84 2216 153 2258 non
181 2195 267 2259 enim
294 2218 328 2260 se
357 2195 523 2279 inbellem,
559 2196 614 2259 sed
638 2195 782 2276 beatum,
816 2195 1053 2271 mamertem,

85 2278 144 2343 sed
165 2301 311 2343 securum
333 2280 433 2343 uideri
454 2279 589 2343 uolebat.
618 2278 767 2363 quotiens
789 2279 907 2341 milites
929 2278 964 2340 in
980 2299 1056 2341 con·

86 2363 212 2427 cionem
252 2365 402 2446 uocabat,
452 2386 485 2428 se
526 2365 629 2427 solum
671 2384 742 2426 eum
783 2361 847 2425 illis
865 2417 868 2421 .
885 2362 1053 2445 imperare,
1068 2380 1093 2419 aa

85 2446 166 2510 alios
187 2470 246 2531 per
267 2448 385 2513 limites
406 2469 465 2532 pro
489 2470 522 2512 se
544 2449 681 2511 militare
703 2447 854 2511 iactabat.
884 2446 1054 2509 ‘fruimini’

85 2531 196 2596 aiebat
223 2533 388 2616 ‘dissipate
394 2581 404 2615 ,
436 2533 618 2617 prodigite'.
662 2531 741 2596 haec
769 2533 838 2595 erat
865 2531 1053 2595 miserorum

85 2616 193 2680 breuis
216 2621 249 2681 et
271 2617 391 2681 caduca
411 2616 560 2682 felicitas.

150 2700 221 2765 XV.
266 2703 314 2765 Ac
336 2724 378 2766 ne
399 2704 467 2765 tum
491 2702 634 2785 quidem,
664 2722 737 2764 oum
759 2703 808 2764 tot
830 2700 962 2763 aduersa
984 2720 1054 2762 suo·

85 2807 159 2850 rum
180 2786 302 2869 proelia
326 2786 547 2869 comperisset,
576 2785 703 2849 obuiam
725 2785 772 2848 ire
795 2787 927 2848 conatus
951 2786 999 2845 est
1020 2788 1093 2846 ellac

156 2975 172 3024 5
182 2973 303 3025 eluceret
310 2976 419 3038 scripsi:
429 2972 586 3024 eluderetll
598 2971 608 3037 ΙΙ
621 2974 637 3021 6
648 2977 675 3022 et
685 2989 746 3037 epo:
757 2971 835 3022 sedi!
847 2970 857 3037 ΙΙ
871 2974 901 3021 11
911 2975 942 3021 ut
951 2970 1055 3020 dictum

86 3046 133 3092 est
144 3041 207 3090 ΑΨ
216 3042 308 3096 Βενί..·
327 3058 373 3092 om.
386 3042 406 3089 B
419 3043 436 3089 0
448 3042 484 3102 Ἲς
497 3040 533 3104 cf.
549 3040 627 3104 [serp.
640 3042 707 3090 Aen.
719 3040 738 3088 I
741 3040 767 3089 V
777 3042 811 3089 13
824 3038 834 3104 ΙΙ
849 3041 880 3088 12
893 3038 994 3089 animal
1008 3054 1054 3088 om.

85 3108 162 3159 Bert.
178 3108 183 3171 Ι
198 3111 320 3172 parietes
337 3109 460 3158 Bcvw:
478 3111 571 3172 partes
589 3105 633 3172 ΔΙΙ
647 3111 679 3158 13
697 3107 826 3171 prodigus
846 3116 872 3156 et
888 3120 1021 3172 presagus
1033 3106 1056 3152 A

86 3174 92 3243 Ι
108 3176 300 3226 mouebaturA
312 3174 322 3241 ll
336 3176 506 3226 mutuemur
516 3176 616 3228 Licin:
626 3176 786 3224 uiderentht
801 3174 805 3239 Ι
822 3173 997 3223 deambulare
1006 3179 1056 3222 aut

84 3237 1056 3376 {appellamppgptutroppupi,5t35,3333„355133p33p„33

87 3327 205 3429 iriecrtein
222 3326 256 3428 (li
267 3327 377 3429 bertarii
395 3327 557 3428 Hoihertem
574 3390 599 3425 w
611 3374 621 3442 ΙΙ
634 3379 666 3426 25
684 3345 875 3440 imperarem:
893 3339 1056 3438 imperatore

84 3448 141 3497 ΑΒ
158 3447 351 3512 imperatorem
369 3452 428 3498 cett.
441 3444 451 3509 ΙΙ
464 3448 497 3495 ‘29
515 3451 591 3495 tuum
602 3446 625 3492 A
639 3446 644 3508 Ι
659 3444 776 3494 aduersa
794 3456 904 3491 suorum
922 3443 997 3490 edd:
1016 3439 1057 3488 di·

84 3528 170 3566 uersa
189 3520 296 3565 tuorum
313 3517 353 3567 M:
378 3530 411 3563 arr
430 3513 541 3564 dextera
559 3514 685 3562 tuorum?
706 3507 717 3575 ΙΙ
739 3512 771 3560 30
789 3514 820 3558 ut
838 3509 942 3558 addidi:
965 3523 1010 3555 om.
1028 3509 1056 3554 Π
