2294 3780
110 160 170 224 122
396 164 444 212 11.
470 161 630 213 1111111111
649 159 786 213 onurro

107 312 202 397 signa
224 311 295 396 [hoc
314 314 372 394 est,
397 309 550 396 omnium]
567 309 780 386 Camenarum
796 330 835 373 ex
850 307 1095 379 Ambraciensi.

108 396 226 480 oppido
248 395 405 460 translata
433 394 492 458 sub
514 394 614 458 tutela
634 393 804 458 fortissimi
831 392 974 475 numinis
1000 414 1076 459 con·

107 480 258 562 sacrauit,
280 484 388 543 utres
411 481 473 561 est,
496 478 571 562 quia
593 478 711 542 mutuis
734 477 847 561 opibus
869 479 902 540 et
921 477 1075 560 praemiis

108 564 213 629 iuuari
227 562 396 646 ornarique
412 562 579 627 deberent:
603 562 767 626 Musarum
783 561 872 644 quies
887 560 1075 626 defensione

81 647 256 711 sHerculis
279 650 312 711 et
333 647 435 710 uirtus
456 646 604 711 Herculis
627 667 704 710 uoce
726 645 900 709 Musarum.

170 729 261 795 VIII.
293 730 396 796 Credo
417 731 528 816 igitur,
552 731 612 795 tali
634 729 752 795 Caesar
773 728 948 813 Herculius
966 731 999 792 et
1021 728 1074 793 aui

107 814 256 878 Herculis
283 817 316 879 et
337 814 481 879 Herculii
509 815 611 898 patris
635 815 793 878 instinctu
818 815 910 876 tanto
933 812 1075 877 studium

108 897 286 962 litterarum
308 899 419 963 fauore
442 900 644 983 prosequitur
666 901 788 962 utnon
810 897 916 960 minus
939 896 980 960 ad
1000 918 1074 980 pro·

108 982 285 1046 uidentiam
312 983 451 1046 numinis
479 983 530 1047 sui
557 983 718 1047 existimet
738 981 900 1066 pertinere
921 981 1005 1045 bene
1026 980 1075 1044 di-

69 1087 95 1126 11
109 1067 201 1130 cendi
229 1088 323 1150 quam
348 1070 433 1131 recte
454 1066 594 1130 faciendi
617 1067 801 1151 disciplinas
830 1069 863 1129 et
883 1086 941 1148 pro
963 1063 1076 1129 diuina

107 1151 333 1235 intellegentia
352 1151 468 1215 mentis
484 1153 631 1215 aeternae
651 1151 770 1215 sentiat
783 1149 907 1213 litteras
929 1149 1074 1212 omnium

106 1236 318 1299 fundamenta
344 1257 412 1299 esse
434 1235 605 1317 uirtutum,
633 1238 745 1318 utpote
767 1233 984 1298 continentiae
1005 1254 1075 1297 mo-

108 1319 227 1384 destiae
254 1319 441 1404 uigilantiae
463 1320 639 1402 patientiae
666 1319 848 1402 magistras.
893 1337 974 1400 quae
1001 1318 1072 1380 uni·

107 1426 219 1468 uersae
236 1425 308 1468 cum
323 1405 357 1467 in
372 1405 634 1468 consuetudinem
648 1406 760 1467 tenera
775 1404 880 1465 aetate
894 1403 1072 1481 uerterunt,

70 1506 95 1546 15
109 1489 153 1552 ad
173 1488 279 1551 omnia
301 1488 451 1570 deinceps
478 1487 585 1551 officia
607 1488 693 1551 uitae
715 1489 748 1551 et
770 1486 809 1549 ad
831 1486 902 1568 ipsa
924 1505 1005 1568 quae
1027 1485 1073 1549 di-

107 1570 291 1634 uersissima
315 1572 465 1634 uidentur
485 1571 619 1634 milltiae
641 1574 735 1655 atque
763 1572 940 1634 castrorum
961 1569 1075 1633 munia

109 1654 347 1719 conualescunt.
396 1654 529 1736 ideoque
556 1654 607 1718 his
635 1656 739 1718 omnis
772 1653 948 1718 industriae
976 1655 1074 1737 atque

108 1739 212 1802 omnis
234 1738 336 1802 laudis
364 1738 542 1801 nutricibus
567 1741 635 1822 aut,
665 1743 701 1802 ut
721 1739 827 1802 uerius
849 1738 979 1822 loquar,
1007 1759 1074 1801 ma-

108 1824 211 1885 tribus
235 1843 306 1885 oum
328 1825 570 1905 praeceptorem
585 1822 702 1888 Caesar
719 1821 889 1886 Herculius
911 1821 1073 1886 declarare

69 1904 257 1989 ndignatus
280 1905 335 1968 sit:
363 1926 493 1969 necesse
516 1908 565 1970 est
586 1907 683 1969 etiam
706 1906 811 1970 sedem
833 1905 997 1989 propriam
1020 1926 1073 1970 cu·

107 1989 177 2073 piat
198 1989 364 2052 reformari
385 1993 432 2073 ut,
457 2011 529 2053 oum
551 1990 590 2054 ad
613 1990 776 2074 antiquam
797 1989 984 2054 firmitatem
1006 1990 1073 2053 cul-

107 2076 238 2157 tumque
271 2078 419 2157 reparata
453 2074 508 2155 sit,
546 2075 646 2139 multo
678 2073 732 2138 hic
759 2073 871 2137 iustius
905 2077 937 2137 et
964 2074 1072 2138 uerius

107 2161 310 2241 nuncupetur
331 2158 423 2222 aedes
445 2158 593 2223 HercuIIs
616 2162 710 2242 atque
732 2158 906 2221 Musarum.

170 2241 228 2306 IX.
272 2242 317 2306 Et
344 2264 432 2323 sane,
462 2243 513 2306 uir
539 2243 785 2326 perfectissime,
816 2243 951 2305 interest
976 2240 1073 2305 etiam

69 2325 228 2410 as‘g'loriae
250 2349 347 2410 quam
368 2327 453 2391 tanti
472 2328 633 2411 principes
660 2330 710 2392 tot
730 2325 873 2391 uictoriis
902 2346 940 2389 ac
960 2325 1072 2389 trium·

108 2410 181 2493 phis
219 2416 383 2474 merentur
418 2416 454 2474 ut
486 2412 619 2496 Ingenia
655 2432 735 2494 quae
770 2409 921 2474 canendis
961 2429 1073 2474 eorum

108 2494 280 2558 uirtutibus
313 2496 500 2558 excoluntur
534 2516 600 2559 non
632 2495 718 2558 intra
749 2494 891 2577 priuatos
922 2493 1072 2576 parietes,

28 2658 31 2663 Ι
109 2576 164 2639 sed
192 2577 226 2639 in
252 2579 381 2659 publica
407 2579 620 2642 ostentatione
650 2578 741 2641 etin
766 2578 837 2661 ipso
864 2578 952 2641 urbis
978 2577 1072 2641 istius

109 2680 163 2722 ore
191 2663 390 2743 uegetentur.
419 2661 511 2744 ‚quid
539 2663 645 2724 autem
672 2661 775 2744 magis
802 2663 837 2725 in
861 2662 944 2726 facie
966 2662 1072 2725 uultu-

67 2761 94 2800 11
108 2764 168 2825 que
199 2743 290 2806 istius
325 2744 466 2808 ciuitatis
503 2744 600 2807 situm
633 2748 682 2809 est
717 2766 811 2828 quam
843 2745 924 2810 haec
961 2745 1072 2809 eadem

106 2826 277 2892 Maeniana
313 2828 348 2891 in
381 2828 451 2912 ipso
484 2829 624 2892 transitu
657 2828 895 2894 aduenientium
927 2828 990 2894 huo
1023 2831 1072 2892 iu·

175 3068 188 3113 1
208 3066 259 3115 hoo
283 3063 323 3131 (id
340 3067 371 3130 B)
392 3069 434 3116 est
453 3067 571 3117 omnium
588 3070 692 3117 seclusit
711 3067 917 3132 Eyssenhardtus
946 3065 956 3132 ΙΙ
985 3066 1071 3118 211111

106 3131 1072 3200 1111111ΔΙ141111111111111111111.νΙΙ51111.Β111.111111111Δ

108 3196 121 3265 11
150 3202 165 3250 7
183 3199 311 3250 Herculii
329 3202 402 3253 edd:
425 3200 531 3251 herculi
548 3203 575 3251 Μ
592 3201 714 3252 herculis
731 3216 756 3250 w
777 3200 787 3268 11
807 3205 823 3252 9
842 3204 948 3253 autom.
968 3205 985 3251 (1
1040 3204 1071 3252 13

105 3267 238 3317 uniuersa
255 3269 290 3330 H,
309 3270 416 3319 correxi
435 3267 445 3334 ΙΙ
469 3271 502 3319 14
519 3274 664 3321 uerterunt
680 3271 788 3333 scripsi:
805 3274 941 3321 uenerunt
958 3271 986 3319 Π
1040 3270 1072 3320 15

106 3332 144 3382 ad
161 3347 198 3382 w:
217 3351 262 3384 om.
281 3333 335 3400 1111
353 3337 385 3385 22
403 3333 460 3401 hio]
480 3336 532 3388 hoo
551 3334 643 3403 (31123
661 3336 791 3387 Herculis
809 3337 949 3388 Musarum
969 3337 1073 3387 Merula

105 3400 187 3450 Ennii
201 3402 293 3467 frapm.
313 3420 340 3467 p.
358 3407 409 3453 555
431 3402 442 3469 ll
471 3406 504 3455 25
524 3404 663 3469 principes
682 3405 773 3468 Oura:
796 3404 931 3470 principis
947 3405 974 3453 Μ
997 3403 1072 3470 prin·

106 3468 177 3535 ciple
196 3472 237 3521 tot
254 3471 370 3522 uictoris
390 3486 423 3522 ao
441 3470 573 3536 1111111111ιί
591 3486 616 3520 w
636 3469 646 3536 ΙΙ
667 3473 700 3521 26
718 3472 848 3523 cauendis
866 3474 883 3520 c
