2294 3780
251 144 509 199 conseruando
528 144 698 198 AUGUSTO
716 146 751 200 D.
772 148 864 197 8-11.
975 144 1037 209 221

69 295 277 379 impetranda
297 316 365 359 non
386 295 435 358 illi
448 295 672 378 impunitatem
694 294 857 358 uexandae
876 295 964 358 urbis
986 295 1040 358 da-

68 382 197 463 turum,
226 379 282 443 sed
303 379 458 443 leniorem
480 379 599 463 petisse
620 378 803 459 uictoriam,
832 399 905 442 cum
926 378 1039 443 malles

70 465 154 528 uitia
174 463 243 527 eius
264 484 360 610 apuam
382 483 471 526 arma
493 484 652 545 superare.

135 546 178 613 X.
233 545 273 612 Se
321 548 466 630 profecto
498 545 588 609 nulla
619 548 652 610 ui
679 548 815 631 possunt
848 547 933 611 coire
960 567 1040 630 quae

70 629 214 695 naturali
240 630 378 695 diuortio
406 630 577 711 dissident,
606 651 667 694 nee
688 631 755 694 ulla
776 633 845 693 tam
865 630 969 695 fidelis
991 633 1066 694 ests

72 715 188 799 copula
207 736 287 798 quae
310 716 345 778 in
367 715 526 778 diuersum
547 714 714 778 tendentia
736 736 822 778 nexu
843 736 899 778 suo
919 717 1040 779 teneat.

72 798 245 882 perpendit
265 798 389 863 scilicet
414 820 523 863 seeum
548 797 706 862 excellens
728 798 899 882 prudentia
920 802 976 862 tua
998 799 1042 862 ei-

73 904 135 967 que
157 902 283 966 semper
327 882 407 946 ietas
428 882 589 966 applicata
611 903 721 946 omnes
744 883 933 947 concordiae
956 904 1040 948 com·

72 965 260 1031 moditates:
283 966 294 1030 i
394 987 463 1031 esse
476 966 728 1031 ‚fundamentum
751 988 788 1031 ac
809 968 949 1032 radicem
971 967 1039 1053 otii,

72 1050 232 1114 bonorum
260 1049 403 1114 ciuilium
430 1051 652 1132 seminarium,
683 1051 798 1134 qnietis
820 1051 968 1134 publicae
993 1072 1041 1116 se·
1055 1070 1080 1110 ιο

73 1136 182 1218 getam
208 1137 241 1197 et
262 1134 380 1197 almam
401 1136 488 1217 pacis
511 1135 665 1198 altricem.
711 1135 765 1197 sed
788 1155 807 1197 o
829 1156 924 1217 quam
946 1156 1042 1218 aeger

72 1221 125 1283 est
153 1218 193 1281 ad
215 1217 417 1282 honestatem
443 1239 590 1282 recursus
612 1217 662 1282 his
684 1219 738 1315 qni
759 1218 823 1281 iam
844 1219 977 1302 gradum
1003 1240 1042 1283 ex

72 1301 841 1470 titillatu-*llinisattolli-h*
861 1303 1043 1468 alltc

73 1474 182 1534 tecum
211 1491 378 1535 commune
408 1470 484 1567 quia
515 1469 598 1533 nihil
624 1435 727 1533 simile
755 1472 812 1533 est.
856 1469 921 1533 ium
955 1474 1041 1535 certe
1055 1485 1080 1527 1⁵

73 1554 238 1637 quiescere
270 1554 384 1618 uirtuti
417 1557 580 1638 integrum
612 1573 679 1617 non
710 1555 769 1618 est.
819 1575 896 1617 nam
923 1553 1043 1617 bellum

73 1638 182 1701 animo
216 1659 328 1722 gerere
364 1637 461 1702 armis
498 1638 715 1702 abstinentem
749 1658 818 1701 non
854 1638 1043 1702 concordiae

74 1723 160 1786 ratio
183 1726 246 1805 est,
269 1721 325 1786 sed
346 1722 466 1806 ignaua
487 1721 652 1787 dissensio.

139 1804 197 1869 XI.
242 1805 333 1870 Licet
359 1827 427 1870 non
453 1806 495 1870 sit
522 1806 555 1869 in
578 1805 629 1870 his
654 1807 736 1870 ratio
759 1806 968 1871 desideranda
989 1804 1044 1889 qui

73 1890 176 1954 semel
190 1889 229 1954 de
244 1890 298 1953 uia
313 1890 503 1974 praecipites
523 1890 570 1954 ire
591 1894 772 1974 coeperunt,
794 1911 859 1956 aon
872 1890 982 1955 mirari
995 1893 1042 1954 ta·
1055 1906 1082 1946 ὀ

73 1995 149 2037 men
165 1994 233 2037 non
247 1995 338 2058 queo,
361 1995 417 2037 cur
432 1974 464 2038 id
479 1973 619 2037 delatum
634 1995 702 2038 uon
717 1974 881 2056 amplexus
901 1976 944 2038 sit
958 1973 1043 2056 quod

74 2057 245 2142 impudens
274 2061 358 2122 esset
384 2058 412 2123 si
438 2058 571 2122 auderet
592 2061 713 2141 optare.
757 2060 863 2120 utrum
884 2058 973 2120 urbis
994 2058 1043 2119 fu·

74 2145 202 2206 nestam
223 2141 313 2204 illam
333 2142 561 2206 lacerationem
582 2141 669 2204 lente
697 2161 735 2203 ae
755 2140 887 2203 remisse
909 2142 941 2203 te
963 2140 1043 2202 latu-

74 2247 147 2289 rum
169 2224 320 2309 putauit?
346 2226 399 2290 aed
423 2228 539 2289 natura
561 2224 625 2288 fert
645 2227 682 2287 ut
702 2223 839 2287 iniuriae
861 2223 928 2287 eius
950 2244 1043 2305 quem

28 2370 34 2385 ‚
76 2309 209 2395 diligas,
239 2309 336 2373 etiam
364 2310 392 2372 si
419 2331 453 2373 re
481 2309 553 2392 ipsa
637 2329 693 2371 nes
716 2309 805 2390 sunt,
832 2306 913 2369 fiant
934 2308 1082 2370 tamena

75 2415 184 2458 amore
206 2393 379 2478 grauiores.
419 2415 462 2457 an
486 2393 572 2457 credi
595 2393 619 2456 't
642 2390 838 2456 conserenda
858 2412 958 2454 manu
978 2411 1044 2454 non

76 2477 263 2542 inferiorem
290 2478 383 2558 fore?
425 2476 488 2541 hoo
514 2498 590 2542 uero
618 2498 713 2561 quam
740 2475 868 2558 opinari
896 2494 963 2539 non
988 2495 1044 2558 po-

76 2562 177 2626 tuerit
199 2563 302 2625 exitus
325 2561 448 2643 docuit,
477 2582 549 2625 cum
576 2561 678 2644 siguis
706 2565 773 2624 tarn
800 2580 895 2643 saepo
917 2559 1044 2624 collatis

73 2644 160 2710 nihil
181 2664 333 2729 umquam
354 2644 452 2709 fuerit
474 2646 559 2728 quod
581 2649 637 2710 aut
659 2666 731 2729 spes
753 2647 964 2729 aucuparetur
990 2647 1046 2707 aut

73 2851 281 2861 ——-—-—-

146 2986 161 3033 1
179 2983 343 3050 imperanda
360 2986 401 3047 Π,
427 2998 496 3033 corr.
514 2982 646 3032 Liuineius
669 2981 675 3042 Ι
697 2980 740 3030 illi
757 2980 780 3029 Δ
798 2981 815 3030 (l
832 2994 870 3029 w:
888 2979 940 3030 ulli
956 2980 977 3030 B
996 2980 1017 3027 V
1039 2978 1044 3046 Ι

71 3051 164 3102 fuisse
184 3051 310 3101 daturum
328 3050 460 3101 Larinates
479 3047 490 3115 fl
515 3051 545 3098 11
564 3054 592 3099 et
608 3065 656 3101 om.
674 3050 732 3099 edd.
753 3044 764 3113 ΙΙ
789 3050 822 3099 14
838 3054 982 3099 auersetur
1000 3048 1046 3098 Le·-

76 3120 190 3169 uineias:
211 3119 375 3169 aduersatur
391 3120 419 3166 Ι
439 3114 450 3183 Ι]
471 3119 503 3167 17
521 3117 613 3167 animo
631 3133 677 3167 om.
695 3116 769 3168 Bert.
788 3113 798 3180 ΙΙ
820 3118 851 3168 19
870 3112 919 3180 sit]
938 3117 980 3167 sic
996 3116 1047 3165 BG

81 3183 86 3249 Ι
106 3185 280 3237 desiderandi
298 3198 323 3232 w
346 3183 357 3249 ΙΙ
380 3187 413 3235 20
430 3200 485 3234 non
503 3200 565 3249 epo:
586 3199 634 3237 om.
653 3185 681 3231 Ι
703 3180 714 3248 ss
737 3185 769 3232 21
788 3198 842 3233 non
860 3199 930 3248 queo
946 3184 982 3232 A:
1001 3198 1046 3233 ne·

76 3268 151 3319 queo
167 3254 188 3302 B
207 3256 224 3302 0
243 3254 265 3301 V
282 3255 315 3302 W
333 3253 403 3302 eatis
422 3266 529 3316 nequeo
547 3252 679 3302 Liuineius
693 3248 698 3313 Ι
714 3265 761 3300 cur
778 3252 923 3301 Putemus:
941 3264 1002 3299 curn
1020 3252 1049 3299 Η

77 3318 88 3385 ll
114 3322 148 3370 24
165 3325 266 3371 natura
283 3320 364 3370 affert
380 3321 421 3382 Ι,
444 3334 514 3368 corr.
536 3319 663 3370 Puteanus
686 3314 696 3383 fl
719 3318 752 3367 25
769 3316 837 3368 fiunt
852 3318 876 3366 Δ
900 3315 910 3382 fl
933 3318 966 3366 26
984 3332 1047 3366 con-

79 3387 202 3439 serenda
219 3401 244 3436 w
267 3385 278 3452 fl
307 3390 340 3438 27
357 3386 490 3437 inferiore
508 3384 567 3435 fore
585 3385 637 3452 (uel
654 3400 682 3436 ae
700 3385 768 3446 fora)
787 3400 849 3449 epo:
866 3385 997 3435 inferiore
1013 3384 1048 3432 W

77 3454 241 3506 inferiorem
257 3454 281 3503 Δ
297 3455 318 3504 B
336 3456 354 3503 (t
372 3454 393 3501 V
416 3451 427 3518 fl
450 3455 482 3503 29
500 3454 582 3504 nullm
599 3451 668 3503 nihil
685 3466 802 3516 usquam
