2294 3780
108 163 172 228 234
439 167 471 216 a.
501 164 649 214 nazaarr
667 164 747 214 rau.

109 335 236 377 suarum
258 313 481 396 gubernaculis
503 333 597 395 quarn
613 311 709 375 facile
731 311 838 373 omnia
861 309 899 372 ad
915 308 1074 372 salubrem

109 418 237 461 cursum
258 398 415 480 redirent3
446 417 526 479 quae
548 396 594 458 ita
617 395 842 458 deferebantur
864 398 900 457 ut
920 414 995 457 mox
1018 397 1075 456 aut

108 482 262 544 malornm
291 482 434 545 omnium
461 479 600 562 scopulis
622 479 823 542 illiderentur
850 482 906 541 aut
933 477 1076 540 miseria-

108 587 178 627 rum
206 565 296 627 uadis
325 564 597 627 adhaerescerent.
645 567 809 646 praetereo
816 612 824 643 ,
856 562 1006 644 inquam,
1043 565 1075 624 et

83 648 187 712 shaec
209 654 242 711 et
257 649 320 711 alia
337 648 499 731 complura
517 669 651 731 quorum
671 649 719 710 est
741 650 773 711 et
788 646 976 730 singillatim
999 665 1075 708 one·

108 753 181 796 rosa
201 733 301 796 moles
325 736 358 795 et
372 733 515 795 omniurn
538 731 631 794 simul
648 752 778 794 acernus
800 730 972 794 onerosior.
996 750 1075 792 narn

109 836 189 898 quae
212 815 341 879 diducta
362 815 445 878 ferre
470 837 627 898 nequeas,
656 815 707 878 his
737 814 939 898 congregatis
967 812 1075 876 subire

109 901 177 982 spei
211 900 452 982 importunioris
484 903 532 962 est
564 920 659 982 quarn
691 897 824 962 fiduciae
857 897 1075 980 promptioris,

108 989 295 1064 recuperata
324 985 423 1068 igitur
444 983 539 1046 Italia
565 983 619 1046 hic
646 984 767 1065 primus
801 982 862 1045 fuit
889 980 1077 1044 liberandae

70 1090 95 1129 ιο
109 1066 196 1130 urbis
218 1068 336 1152 gradus
364 1071 397 1131 et
419 1068 458 1131 ad
479 1067 648 1131 uictoriam
670 1066 774 1130 facilis
797 1087 961 1147 ascensus,
990 1066 1076 1148 quod

108 1151 199 1214 illurn
221 1173 345 1234 semper
360 1151 539 1215 exedendae
561 1151 649 1214 urbis
664 1150 839 1214 uisceribus
853 1150 1075 1212 inhaerentem

109 1257 147 1299 ex
175 1238 310 1299 assuetis
332 1235 463 1300 latebris
488 1235 537 1298 uis
560 1234 737 1299 diuinitatis
760 1235 908 1297 excussit.
953 1233 988 1296 in
1011 1254 1080 1316 quo-

109 1320 238 1402 qnidem
259 1324 384 1383 tanturn
407 1319 561 1383 momenti
583 1319 645 1382 fuit
667 1319 705 1380 ad
724 1316 936 1400 perficiendae
959 1317 1005 1380 rei
1028 1316 1075 1379 fa-

111 1403 263 1467 cilitatem
295 1408 331 1467 ut
357 1425 424 1467 non
452 1408 519 1467 tam
547 1402 750 1486 gloriandum
780 1403 822 1464 sit
848 1401 961 1465 uirtuti
989 1405 1074 1482 tuae,

70 1510 95 1548 15
108 1487 380 1570 praestantissime
408 1490 596 1570 imperator,
625 1486 708 1569 quod
736 1507 808 1549 eum
834 1485 950 1548 ulceris
978 1506 1074 1567 quarn

108 1570 334 1654 gratulandum
371 1570 516 1635 felicitati
555 1571 638 1653 quod
677 1570 717 1633 ad
753 1590 895 1653 pugnam
932 1568 1076 1652 potueris

108 1676 251 1718 euocare.

170 1737 322 1801 XXVIII.
374 1737 450 1801 Non
478 1738 563 1801 enim
593 1759 683 1820 casu,
714 1759 781 1801 non
808 1737 924 1799 fiducia
951 1738 1074 1800 facturn

107 1825 255 1903 putemus
278 1825 314 1884 ut
328 1821 412 1884 ultro
435 1821 530 1884 etiarn
547 1821 720 1885 exercitum
743 1821 891 1884 educeret
905 1821 1075 1883 aduersum

70 1923 96 1964 ro
110 1925 181 1966 eum
205 1905 293 1966 cuius
316 1904 471 1968 aduentus
494 1905 662 1968 stridorem
684 1907 789 1988 ipsum
807 1904 1075 1988 perhorresceret,

108 1987 171 2050 nisi
193 1988 335 2051 animum
356 1988 421 2051 iarn
442 1992 528 2052 metu
544 1990 671 2052 deuiam
694 1989 842 2052 infestior
858 1988 934 2052 deus
956 1991 990 2051 et
1003 2010 1075 2071 per·

109 2071 204 2134 eundi
232 2073 399 2136 maturitas
421 2073 626 2158 perpulisset3
656 2073 741 2156 quod
763 2073 833 2155 ipsa
859 2074 943 2135 ratio
966 2071 1074 2155 dispo-

108 2155 205 2220 nendi
237 2159 394 2221 exercitus
422 2158 530 2221 docuit
557 2159 647 2238 ilico,
682 2160 790 2221 mente
817 2155 943 2238 perdita
971 2156 1075 2238 impli-

109 2244 243 2322 catoque
266 2242 398 2305 consilio
422 2262 494 2305 cum
516 2264 588 2305 eum
607 2263 736 2325 pugnae
759 2242 864 2304 locum
888 2243 1016 2322 caperet
1038 2244 1078 2304 ut

69 2343 94 2382 as
108 2323 281 2388 interclusa
316 2325 396 2409 fuga
431 2325 588 2389 moriendi
625 2328 849 2389 necessitatem
881 2324 1075 2407 imponeret,

108 2428 180 2470 cum
201 2429 290 2490 spem
312 2410 465 2472 uictoriae
487 2431 552 2472 non
573 2408 715 2473 haberet.
760 2408 843 2491 quod
865 2408 992 2491 quidem
1014 2408 1076 2471 im-

106 2493 247 2572 peratori
269 2496 379 2556 nostro
402 2493 579 2575 optandum
601 2492 735 2576 largiter
751 2492 823 2574 fuit,
847 2492 901 2574 qui
922 2491 985 2555 hcc
1006 2512 1074 2556 uno

107 2575 245 2637 maxime
267 2576 439 2638 offenditur
467 2576 493 2638 si
516 2578 678 2639 certamen
701 2576 856 2639 lubricum
877 2575 978 2639 faciat
999 2596 1075 2658 spes

107 2661 254 2739 prompta
268 2658 425 2741 fugiendi.
448 2659 641 2722 relaxarerit
658 2661 741 2724 acies
763 2664 818 2723 aut
830 2660 921 2723 frons
935 2659 1077 2742 impulsa

68 2759 93 2799 so
106 2739 309 2823 titubauerit,
338 2742 454 2806 fiducia
474 2764 628 2806 manuum
654 2744 693 2807 ad
714 2743 812 2826 pedes
833 2743 960 2826 migrat.
1004 2765 1076 2808 non

106 2844 211 2907 amas,
245 2825 435 2909 imperator,
469 2826 554 2891 bella
586 2828 649 2890 nisi
677 2828 856 2892 sementem
882 2828 1008 2891 hostem
1036 2828 1074 2892 in

106 2909 209 2993 gradu
230 2930 287 2974 suo
302 2911 445 2993 praecisa
466 2912 544 2995 fuga
558 2914 681 2991 teneat,
703 2915 739 2975 nt
753 2917 809 2975 aut
823 2911 908 2975 ferro
925 2911 1076 2976 concidat

107 2995 162 3054 aut
182 2991 387 3058 miseratione
410 3001 564 3059 seruetur.
606 3001 684 3079 aput
704 2994 846 3059 Tiberim
873 2996 974 3079 igitur
996 3016 1075 3061 suos

173 3263 296 3313 bmoles
313 3278 351 3312 w:
379 3264 502 3314 molislt
531 3264 543 3331 ΙΙ
572 3266 722 3316 Ideducta
739 3268 759 3315 B
777 3268 794 3316 11
811 3267 834 3314 V
851 3266 884 3314 W
913 3265 923 3332 ΙΙ
954 3270 986 3318 10
1011 3285 1074 3334 gra·

105 3328 155 3379 dus
174 3355 206 3365 -
225 3333 256 3380 11
275 3331 351 3381 urbis
369 3333 456 3387 onuv
484 3331 494 3398 ΙΙ
525 3336 557 3383 10
573 3348 706 3384 ascensus
724 3333 814 3383 Bera:
833 3349 967 3384 accensus
983 3336 1008 3384 Δ
1026 3353 1074 3387 ac·

105 3410 197 3446 cessus
214 3398 235 3445 11
253 3400 270 3445 c
288 3399 321 3446 w
337 3396 347 3462 ΙΙ
370 3402 400 3450 13
419 3396 465 3465 ad]
486 3406 534 3450 aut
551 3401 574 3449 Δ
592 3397 641 3466 vu
662 3403 694 3451 22
713 3401 867 3465 pepulisset
885 3404 903 3450 0
923 3399 934 3467 ΙΙ
954 3405 988 3454 23
1007 3403 1074 3455 ilico

103 3465 211 3528 scripsi:
230 3465 307 3516 illum
325 3467 353 3514 11
381 3464 391 3532 fl
420 3468 452 3518 29
471 3468 588 3534 impulsa
606 3480 643 3517 rr:
662 3467 804 3533 impulsati
820 3469 847 3517 11
