2294 3780
215 622 394 688 LATINI
422 624 610 690 PACATI
637 624 886 690 DREPANII

155 760 942 868 PANneralous

269 929 480 981 THEODOSIO
501 929 670 982 AUGUSTO
689 931 830 982 DlOTUS.

129 1077 155 1142 I.
185 1077 219 1142 Si
242 1079 311 1161 quis
334 1101 487 1162 umquam
508 1078 581 1161 fuit,
603 1080 647 1143 im
673 1083 779 1144 111101
801 1081 957 1164 Auguste,
980 1083 1060 1164 quis

65 1166 99 1227 te
119 1165 290 1246 praesente
312 1163 453 1227 dicturus
475 1164 543 1226 iure
558 1101 777 1247 trepirlauerit²
801 1186 873 1227 eum
888 1165 1034 1248 profecto

65 1268 117 1311 me
147 1267 215 1310 esse
244 1249 276 1311 et
303 1248 371 1330 ipse
399 1248 503 1312 sentio
532 1251 564 1311 et
591 1246 642 1311 his
671 1249 726 1331 qni
754 1248 921 1313 consilinm
944 1251 1035 1312 tuum

64 1330 262 1414 participant
284 1331 386 1395 uideri
408 1354 502 1416 posse
525 1332 627 1396 uideo.
663 1354 738 1395 nam
761 1353 832 1396 cum
855 1335 886 1396 11
910 1354 1035 1416 semper

64 1415 152 1479 ultra
174 1437 284 1480 omnes
305 1419 391 1480 retro
410 1417 571 1500 principes
594 1416 716 1480 laudari
739 1417 924 1500 oportuerit,
948 1438 1034 1481 nunc

64 1520 161 1583 porro
191 1500 275 1564 ultra
302 1522 399 1585 quam
431 1502 511 1565 alias
539 1500 738 1584 praedicatus
767 1523 800 1564 es
828 1502 863 1563 in
890 1523 929 1565 ea
957 1502 1074 1567 urbere

66 1585 242 1648 conueniat
263 1585 397 1649 dicendo
428 1585 581 1650 celebrari
605 1585 694 1649 cuius
723 1588 756 1649 11
777 1585 958 1649 libertatern
985 1607 1034 1648 11·-

65 1673 172 1733 matus
195 1670 358 1733 asseruisti
382 1673 414 1733 et
436 1670 554 1734 auxisti
576 1669 767 1753 dignitatem
789 1673 935 1754 togatus:
972 1691 1035 1754 quo

65 1753 198 1817 tandem
218 1753 311 1817 modo
328 1755 478 1838 consequi
500 1754 699 1818 maiestatem
714 1755 878 1837 utriusque
893 1757 1035 1819 uestrum

66 1837 211 1902 oratione
245 1858 316 1901 mea
344 1840 479 1921 potero?
528 1840 589 1902 hoc
615 1839 786 1923 praecipue
819 1840 854 1903 in
881 1843 1035 1922 tempore,

66 1943 129 2005 quo
152 1922 197 1985 ita
218 1925 329 1986 mutuo
353 1924 447 1987 ambo
464 1923 608 1987 creuistis
631 1928 667 1987 ut
686 1945 745 1988 nec
759 1927 796 1987 tu
811 1923 908 1987 fueris
932 1924 1035 1987 adhuc
1048 1941 1074 1983 rs

65 2006 168 2070 maior
189 2028 249 2071 nec
271 2006 328 2070 illa
349 2005 484 2071 felicior.
517 2006 581 2070 hue
603 2008 725 2071 aceedit
747 2006 873 2070 auditor
895 2011 1035 2089 senatus,

68 2092 119 2155 cui
148 2113 220 2177 cum
244 2091 372 2155 difficile
401 2092 444 2155 sit
465 2113 522 2175 pro
550 2110 740 2174 amoreque
762 2091 797 2153 in
819 2093 850 2153 te
872 2089 1035 2173 praeditus

68 2179 117 2240 111
139 2175 177 2239 de
199 2178 232 2238 11
255 2175 333 2239 11111
357 2176 439 2258 fieri,
463 2179 533 2239 tum
555 2174 717 2238 difficilius
739 2195 797 2258 pro
820 2173 967 2256 ingenita
989 2178 1036 2237 11-

67 2280 129 2342 que
156 2258 351 2323 hereditaria
385 2260 495 2324 orandi
522 2258 676 2323 facultate
710 2280 776 2322 non
808 2279 877 2322 esse
905 2257 1036 2321 fastidio

66 2343 178 2407 rudem
204 2343 290 2407 hunc
318 2345 351 2406 et
375 2343 532 2408 incultum
554 2343 759 2425 Transalpini
788 2341 942 2406 sermonis
964 2341 1035 2405 hor·
1048 2361 1074 2402 so

66 2448 183 2507 rorem,
206 2427 396 2511 praesertim
419 2449 491 2491 eum
507 2428 661 2491 absurdae
683 2427 895 2509 sinistraeque
913 2428 1036 2491 iaetan-

67 2512 132 2576 tiae
159 2511 262 2595 possit
295 2511 397 2575 uideri
425 2512 475 2576 his
507 2515 665 2576 ostentare
693 2511 875 2576 facundiam
902 2534 1037 2596 quorum

68 2596 106 2660 de
128 2596 218 2660 fonte
241 2600 428 2661 manantem
449 2597 483 2659 in
505 2600 632 2661 nostros
654 2617 754 2679 usque
780 2617 855 2661 usus
878 2596 1036 2675 deriuatio

68 2703 140 2745 sera
158 2681 312 2745 traduxit.
342 2681 456 2765 quibus
479 2681 624 2828 oppidem
647 2681 797 2764 cogitatis
820 2680 899 2744 adeo
921 2681 1036 2744 sollici-

67 2767 118 2829 tor
140 2768 266 2829 utnon
288 2787 341 2829 eos
357 2768 483 2830 tantum
528 2765 599 2828 odie
621 2765 757 2828 arbitrer
778 2765 933 2827 interesse
955 2784 1036 2847 quos
1050 2781 1076 2823 aa

70 2870 181 2935 cerno,
214 2850 269 2914 sed
307 2850 454 2914 assistere
488 2849 712 2930 obuersarique
747 2846 868 2911 dicturo
897 2847 1037 2912 Catones

69 2933 157 3017 ipsos
186 2937 220 2997 et
247 2933 368 2997 Tullios
396 2939 428 2998 et
450 2933 638 2998 Hortensios
668 2952 841 3015 omnesque
868 2931 942 2998 illos
969 2954 1038 2997 ora·

139 3173 155 3219 6
174 3172 337 3221 1111111111..Ι
356 3172 396 3221 ire
415 3174 442 3221 11
464 3171 469 3236 Ι
491 3175 521 3222 11
541 3172 670 3223 libertate
688 3173 712 3221 A
728 3168 738 3236 ΙΙ
761 3174 792 3221 12
810 3176 923 3237 togatus
941 3189 987 3223 om.
1007 3172 1039 3221 W

69 3242 73 3277 ἓ
97 3242 129 3288 15
148 3240 228 3288 ambo
246 3239 288 3289 ita
305 3246 398 3290 mutuo
417 3242 433 3288 (1
454 3237 459 3304 Ι
487 3242 518 3290 18
536 3239 602 3304 tum]
619 3256 683 3290 eum
700 3241 722 3288 Δ
742 3247 833 3291 tamen
852 3242 869 3287 0
891 3237 901 3305 ΙΙ
922 3241 954 3289 22
973 3253 1039 3302 quo·

309 3315 373 3344 orum

71 3372 130 3407 rum
150 3356 184 3407 de
209 3356 301 3422 (quam
328 3356 388 3420 de)
411 3357 550 3407 Burthr'us:
577 3372 658 3422 quam
676 3358 709 3409 de
727 3359 836 3409 deorum
854 3357 881 3403 111
905 3354 1038 3420 quamde

72 3440 166 3475 eorum
184 3424 314 3474 Acidaliae
337 3422 347 3488 ΙΙ
372 3427 404 3475 23
423 3439 507 3489 usque
525 3426 612 3475 01111
