2294 3780
131 163 195 226 214
463 166 496 215 x.
524 165 673 216 raanan
689 166 770 216 Pan.

131 312 285 376 felicitate
329 312 499 376 sancimus.
553 312 805 395 quinquennalia
841 312 1104 376 beatissimorum

133 394 304 460 Caesarum
326 399 494 479 occupatos
516 416 574 460 nos
595 397 630 459 in
652 396 775 480 gaudiis
797 395 933 478 habent,
957 396 1013 460 sed
1035 397 1104 460 iam

130 481 166 543 in
189 480 356 544 destinatis
380 479 542 543 decenniis
564 484 641 543 uota
662 481 870 563 properantia
895 484 928 543 et
950 502 1022 563 spes
1045 502 1103 544 uo-

131 563 234 627 lucres
267 564 489 627 constitcrunt.
536 564 649 626 horum
684 564 799 628 dehinc
833 568 994 647 compotes
1027 586 1104 647 pro-

105 647 322 730 spagabimus
351 647 503 730 optabilis
531 648 607 712 boni
635 649 758 712 seriem.
805 649 852 711 ita
882 650 991 712 omnia
1016 670 1102 732 quae

131 731 386 814 exprincipibus
408 732 528 794 nostris
546 752 699 815 prospera
721 733 875 796 eueniunt
896 733 1103 798 continuatos

130 814 253 878 fructus
280 815 391 878 ferunt
422 837 482 878 nec
513 817 617 900 magis
650 819 778 899 recepta
810 816 971 881 delectant
1002 839 1102 902 quam

131 901 300 981 expectata
322 902 483 963 iuuerunt.
521 922 630 964 uerum
653 901 729 982 quid
751 901 875 984 agimus
898 901 1020 965 uicenis
1044 905 1102 965 aut

130 982 196 1045 iam
228 983 359 1048 tricenis
397 984 491 1047 annis
527 983 814 1049 circumscribendo
852 1006 934 1067 quae
968 987 1102 1050 aeterna

93 1085 119 1124 10
132 1068 311 1131 sentimus?
355 1068 512 1151 ampliora
544 1070 620 1131 sunt
645 1068 760 1131 merita
786 1069 968 1152 principum
1001 1090 1100 1151 quam

131 1154 242 1234 optata
264 1155 421 1216 uotorum.
454 1155 505 1216 eat
525 1151 720 1234 quinimmo
741 1152 776 1215 in
795 1153 976 1217 inmensum
994 1154 1100 1218 felicis

131 1257 241 1299 cursus
263 1238 400 1320 imperii,
424 1258 483 1300 nec
505 1235 716 1299 humanorum
732 1239 885 1301 terminos
909 1242 1021 1302 curent
1043 1239 1100 1321 qui

131 1341 255 1404 semper
270 1320 380 1385 diuina
395 1321 598 1384 meditantur.
630 1323 715 1383 certe
736 1321 915 1404 cupitorum
931 1323 1014 1386 irriti
1031 1343 1100 1386 non

131 1425 238 1467 sumus
261 1407 325 1488 qui,
349 1427 421 1470 cum
442 1408 588 1488 optemus
609 1405 756 1488 maxima,
779 1405 813 1468 id
834 1407 923 1471 houd
942 1406 1098 1470 faciamus

93 1503 118 1545 15
130 1488 302 1570 benignius
334 1511 429 1571 quam
463 1489 617 1571 securim,
654 1488 738 1572 quod
763 1493 896 1573 propter
929 1491 1100 1555 caelestem

130 1572 165 1634 in
186 1572 260 1636 illos
274 1572 419 1637 fauorem
433 1575 502 1635 tam
525 1576 611 1636 certa
630 1573 828 1656 adipiscendi
850 1596 922 1657 spes
938 1577 986 1638 est
1001 1597 1099 1658 quam

131 1657 265 1738 optandi
283 1657 387 1720 soluta
402 1657 541 1720 libertas.
565 1657 622 1721 has
637 1657 736 1740 igitur
751 1658 993 1741 gratulationes,
1016 1680 1099 1742 quac
1128 1676 1131 1683 ‘

130 1741 353 1822 praesentibus
373 1742 554 1805 excitantur
569 1762 710 1823 quaeque
730 1743 929 1824 superiorum
943 1745 1100 1807 memoria

129 1823 243 1905 uigent
265 1827 320 1887 aut
342 1845 419 1905 quas
447 1825 482 1888 in
503 1827 665 1907 posterum
686 1825 919 1890 redundaturas
942 1827 1097 1911 cogitatio

91 1924 118 1964 so
131 1906 226 1970 auida
247 1908 440 1990 depascitur,
464 1909 534 1991 quis
555 1909 699 1972 omnium
723 1914 820 1991 queat
839 1911 1099 1995 flagrantissimis

131 1990 328 2055 audientium
356 1993 470 2057 studiis
501 1993 684 2057 satisfacere
714 1993 874 2058 dicendo?
918 1996 982 2059 iam
1010 2017 1098 2079 uero,

131 2097 204 2139 cum
231 2077 376 2160 publicas
404 2081 532 2142 tantum
564 2077 718 2141 utilitates
751 2079 902 2161 amplecti
934 2080 1034 2143 uelim
1067 2085 1100 2145 ct

129 2162 346 2246 unusquisque
367 2162 519 2246 priuatim
541 2184 613 2225 suas
637 2162 773 2246 cogitet,
795 2164 1004 2227 tremebunda
1026 2186 1100 2247 pro·

129 2244 251 2309 feratur
266 2247 368 2310 oratio
388 2268 462 2313 accc
475 2266 593 2312 uecmsc
607 2251 657 2324 est,
682 2267 763 2328 quae
777 2248 877 2311 tacita
893 2250 1100 2331 reputatione

91 2345 117 2386 25
130 2330 291 2394 uincenda
312 2335 371 2394 est.
414 2333 450 2396 in
471 2331 549 2414 ipsis
578 2331 675 2393 ctiam
697 2328 833 2412 publicis
861 2336 1025 2415 gestorum
1047 2333 1099 2398 in-

129 2415 277 2498 gentium
299 2415 441 2497 professa
462 2414 604 2479 laudatio
632 2434 703 2478 cum
729 2416 868 2497 augendi
890 2416 1098 2500 cupiditatem

128 2518 207 2579 prae
230 2518 263 2560 se
285 2497 385 2578 ferat,
413 2520 480 2563 non
502 2497 620 2561 iniuria
641 2498 807 2561 minuendi
828 2503 949 2564 metum
970 2501 1099 2566 faciunt

129 2600 210 2726 puae
247 2603 337 2663 spem
373 2582 630 2664 amplificationis
667 2602 706 2644 cx
737 2583 960 2667 magnitudine
994 2588 1098 2649 sustu-

143 2666 247 2727 erunt.

130 2837 334 2845 -—-—--.-.---

198 2937 212 2984 l
234 2937 371 2986 sancimus
390 2952 419 3002 ςε
438 2939 578 2988 sanximus
593 2939 617 2987 Δ
628 2939 703 2990 Bert.
723 2940 909 2989 sanciamusc
927 2939 1098 2990 sanctiamus

129 3002 192 3049 BV
210 3003 341 3054 satiamus
359 3017 384 3052 w
408 3002 418 3069 11
442 3008 526 3056 2nos
544 3009 648 3056 addidi:
666 3024 713 3057 om.
731 3010 758 3056 11
783 3004 793 3070 ΙΙ
822 3006 1098 3057 4οοηε111ιιοτηιι1ῦ

132 3066 136 3132 Ι
155 3071 368 3133 propagauimus
385 3073 413 3120 Η
442 3070 451 3137 ΙΙ
481 3075 496 3122 6
515 3089 646 3138 prospera
663 3088 743 3124 suen.
762 3076 870 3137 scripsi:
888 3087 1018 3137 prospera
1035 3089 1098 3123 ucn.

130 3137 157 3183 x
174 3132 183 3198 ΙΙ
203 3138 231 3183 11
251 3136 280 3184 in
296 3138 438 3188 ABBeri.
458 3154 493 3188 w:
509 3157 557 3190 om.
576 3142 627 3190 cv
644 3138 654 3205 ΙΙ
671 3143 705 3190 14
721 3141 793 3190 haud
812 3157 874 3205 epo:
891 3142 978 3191 omli
995 3141 1023 3190 id
1040 3142 1097 3193 iac.

129 3217 184 3251 non
203 3202 264 3251 ben.
284 3205 417 3256 Aciduiius
438 3205 448 3272 ΙΙ
470 3209 501 3256 16
520 3207 582 3258 illos
600 3211 709 3272 scripsi:
726 3207 774 3257 illo
792 3210 819 3256 x
840 3205 850 3271 ΙΙ
875 3209 906 3258 19
925 3210 1006 3272 quasi
1022 3209 1052 3257 in
1070 3224 1097 3273 p.

129 3268 315 3320 redundatura
333 3274 372 3334 H,
392 3290 461 3324 corr.
479 3275 616 3325 Rhenanus
638 3273 649 3340 ΙΙ
677 3277 710 3326 20
729 3275 790 3339 quis
809 3275 947 3325 homiuum
965 3275 1098 3327 Mincius

130 3333 135 3399 1
154 3337 384 3400 flagrantissimus
401 3341 425 3389 Δ
441 3339 451 3406 ii
472 3344 505 3391 24
522 3357 589 3393 uoce
609 3357 724 3392 necesse
743 3347 785 3392 est
803 3344 906 3394 addidi.-
923 3359 971 3397 om.
989 3345 1017 3392 11
1034 3357 1097 3409 pro-

128 3403 232 3454 feratur
248 3408 290 3455 uei
305 3422 418 3458 neccsse
436 3412 478 3459 est
495 3409 612 3459 tremet.
630 3411 785 3474 proferatur
801 3411 935 3461 Acidalius
951 3407 961 3474 ΙΙ
983 3411 1017 3460 26
1037 3424 1097 3460 oum

57 3532 61 3537 ,
129 3472 276 3523 Acidaliae:
295 3489 343 3525 om.
362 3477 389 3523 li
406 3475 481 3529 Bere.
