2294 3780
289 130 502 184 rnuonosro
520 130 691 183 nucusro
709 130 743 182 1).
762 133 872 182 as-ar.
1002 130 1066 195 295

96 284 167 346 uias
199 280 362 364 saltusque
393 280 518 345 obsidet
549 282 586 344 ut
612 279 797 344 thesaurum
829 283 934 344 struat
966 285 1064 365 atque

96 365 238 431 defodiat
252 368 285 429 et
301 386 372 462 cum
388 364 505 429 scelere
522 364 619 461 miser
634 364 686 446 sit,
710 363 771 460 sed·
779 366 815 426 ut
829 365 924 462 gulae
944 367 1065 429 uentri·

98 447 1065 618 tltsrttlttttdttttmtltttltttsssnltt

98 617 262 683 facilitate.
306 621 414 681 noster
441 618 496 681 ille
517 618 637 700 pirata,
666 617 817 700 quicquid
844 616 1090 702 undecumques

97 704 318 785 conuerreret,
355 701 388 764 id
420 702 513 766 nobis
546 701 668 784 sibique
703 702 878 784 periturum
912 704 947 766 in
975 702 1064 767 illam

99 807 211 870 specus
226 786 275 850 sui
296 786 482 869 charybdim
498 784 701 870 congerebat.
726 786 911 869 charybdim
928 786 1063 870 loquor?

97 891 181 954 quac
204 892 275 936 cum
289 871 387 953 plena
409 870 541 953 nauigia
563 869 729 951 sorbuerit,
753 870 869 934 dicitur
886 875 995 935 tamen
1017 893 1065 935 re·

97 956 216 1019 iectare
237 955 407 1037 naufragia
429 959 461 1017 et
482 957 646 1018 contortas
668 953 768 1017 fundo
790 958 876 1018 rates
894 955 1064 1019 Taurome-

97 1039 218 1103 nitanis
241 1039 387 1102 litoribus
410 1059 577 1121 exponere.
606 1038 690 1101 bona
712 1041 822 1101 nostra
845 1039 885 1102 ad
908 1040 1064 1104 aerarium
1078 1058 1104 1097 10

97 1145 165 1187 una
191 1127 224 1187 et
244 1126 399 1206 perpetua
428 1125 481 1185 uia
502 1123 609 1186 ibant:
645 1122 750 1185 nullss
773 1144 881 1187 eorum
903 1124 1062 1207 reliquias,

96 1207 188 1271 nulla
202 1207 384 1292 fragmenta
405 1207 458 1270 uel
473 1228 542 1270 sero
564 1207 649 1270 uicta
663 1206 794 1270 fastidio
814 1206 870 1270 illa
888 1209 1064 1271 communis

97 1313 175 1355 nora
199 1313 219 1356 ο
240 1291 435 1355 reuomebat.

193 1374 297 1440 XVII.
351 1374 413 1439 Est
440 1375 661 1457 improborum
693 1375 875 1458 principum
903 1378 1065 1458 postrema

97 1459 242 1524 defensio
279 1459 403 1524 auferre
439 1459 587 1523 donanda
625 1464 656 1522 et
688 1459 843 1522 inuidiam
879 1481 914 1522 ra
938 1459 1063 1523 inarum
1079 1476 1104 1517 rs

98 1543 321 1628 magnitudine
362 1565 530 1607 munerum
569 1543 743 1626 deprecari.
800 1565 880 1626 quac
915 1482 1064 1629 imnum)

97 1629 181 1692 ratio
210 1631 259 1692 est
284 1628 453 1691 abstulisse
481 1627 629 1691 omnibus
657 1628 738 1711 quod
768 1627 875 1691 nullus
897 1627 1065 1691 habiturus

98 1713 166 1777 sit?
211 1716 244 1776 et
269 1712 467 1796 priuatorum
495 1712 623 1794 quidem
654 1712 823 1793 auaritiae,
861 1713 938 1776 licet
969 1712 1063 1793 mala,

97 1801 208 1861 tamen
242 1797 349 1880 aliqua
379 1796 522 1860 defensio
552 1801 620 1862 est:
657 1799 787 1860 timetur
815 1797 924 1880 inopia
959 1800 991 1861 et
1018 1818 1065 1861 re·

98 1881 231 1965 ponitur
254 1881 412 1945 senectuti
435 1884 467 1944 et
487 1882 682 1965 prospicitur
703 1881 822 1946 heredi.
855 1904 950 1966 quam
972 1881 1103 1946 offena

99 1987 229 2030 causam
245 1964 492 2048 concupiscendi
502 1966 563 2048 ‚qui
579 1969 733 2047 quantum
750 1966 865 2049 ubique
882 1972 930 2031 est
943 1965 1064 2030 habet?

98 2049 177 2133 quin
200 2070 273 2134 ego,
303 2050 329 2113 si
351 2049 402 2112 fas
423 2049 574 2132 piumque
600 2049 786 2113 mortalibus
807 2051 974 2113 aestimare
996 2071 1066 2113 cae·

98 2134 207 2214 lestis,
242 2133 364 2197 nullam
392 2133 544 2196 maiorem
574 2154 642 2197 esse
671 2132 857 2196 crediderim
884 2133 1065 2215 principum

98 2218 289 2283 felicitatem
312 2239 407 2301 quam
429 2216 543 2281 fecisse
564 2217 691 2282 felicem
720 2220 752 2279 et
773 2217 989 2280 intercessisse
1017 2217 1065 2279 in-

96 2302 192 2451 pptiae
218 2302 386 2450 etssuicisse
408 2301 574 2450 fortupoam
601 2306 634 2367 et
655 2301 779 2399 dedisse
799 2300 923 2448 hpmtppi
945 2321 1066 2449 nepum
1079 2318 1105 2359 ss

115 2409 213 2453 aum.
242 2409 289 2451 ra
312 2408 352 2450 ue
374 2409 417 2450 nn
443 2408 496 2450 era
530 2408 559 2449 r1
603 2409 638 2451 ro
662 2408 743 2449 riom
764 2406 863 2449 mares
915 2407 965 2448 em
1007 2406 1066 2450 ene

99 2409 378 2535 aestimantiqnon
405 2409 472 2534 tim
500 2409 708 2534 illudpuideri
740 2491 832 2534 suum
860 2469 955 2534 debet
982 2468 1066 2553 quod

99 2556 234 2620 abstulit
260 2577 357 2639 quam
385 2555 468 2638 quod
496 2554 592 2618 dedit.
636 2576 712 2629 nam
741 2575 813 2618 cum
846 2554 933 2619 intra
961 2554 1067 2638 ipsum

99 2640 272 2704 uoluantur
296 2639 403 2703 omnia
426 2642 472 2722 et,
500 2641 537 2701 ut
557 2637 611 2702 ille
634 2639 688 2721 qui
711 2642 826 2702 cuncta
854 2639 955 2703 ambit
977 2660 1067 2704 occa-

98 2745 160 2788 nus
186 2745 264 2808 quas
292 2723 436 2809 suggerit
463 2744 562 2806 aquas
584 2722 679 2787 terris
706 2723 821 2807 recipit
843 2745 860 2788 e
881 2725 991 2806 terris,
1020 2724 1105 2788 itaeo

171 2984 183 3031 1
202 2984 294 3031 seruat
311 2980 334 3027 A
362 2977 372 3044 ΙΙ
402 2982 417 3030 3
436 2977 594 3045 suppeditet
611 2978 688 3028 Bert.
707 2992 744 3026 w:
767 2977 896 3042 suppedit
915 2981 943 3027 ct
960 2975 983 3026 A
1004 2992 1068 3042 sup·

100 3048 170 3114 petit
187 3056 215 3097 et
232 3050 251 3097 Β
270 3050 287 3095 (l
305 3049 328 3095 V
353 3045 357 3111 Ι
381 3059 458 3095 new
482 3044 487 3107 Ι
512 3047 609 3096 subtus
627 3046 692 3111 imp.
711 3046 733 3094 A
749 3046 805 3093 BG
828 3048 832 3103 1
855 3044 981 3110 impediis
1000 3046 1023 3093 A
1053 3042 1065 3109 Ιξ

100 3119 117 3165 4
145 3114 273 3180 perdendi
295 3121 322 3164 ct
346 3113 536 3178 quaerendic
565 3111 575 3177 11
605 3116 621 3163 6
648 3117 814 3163 conuenerat
836 3113 855 3160 Β
875 3113 892 3159 0
910 3113 932 3160 V
949 3113 981 3160 W
1003 3127 1067 3163 con·

100 3188 257 3249 uexeratg
286 3182 296 3247 ΙΙ
326 3185 340 3233 7
363 3179 495 3230 caribdim
518 3180 556 3229 bis
573 3182 601 3226 11
629 3178 639 3243 ΙΙ
669 3183 684 3231 9
707 3181 926 3231 tauromentanis
944 3181 967 3228 A
996 3177 1005 3244 ΙΙ
1036 3181 1068 3231 13

101 3251 199 3315 forago
217 3253 240 3300 A
255 3252 259 3311 Ι
275 3248 467 3300 remouebacc
498 3245 508 3311 ll
539 3249 570 3296 14
588 3244 752 3314 principum]
773 3248 874 3297 ciuium
892 3250 908 3296 c
924 3248 928 3308 Ι
948 3254 1068 3296 extrema

99 3318 154 3372 def.
176 3321 210 3367 W
239 3317 250 3383 ΙΙ
284 3319 315 3367 15
339 3310 480 3380 donanda]
505 3313 631 3365 donando
654 3313 686 3362 W
709 3315 829 3365 donandi
850 3316 940 3378 gratia
961 3314 1021 3364 edd.
1053 3310 1065 3379 ἕξ

102 3388 134 3436 18
153 3385 258 3448 quidem
276 3400 321 3434 oni.
340 3384 374 3430 W
397 3380 407 3446 ΙΙ
434 3384 466 3433 23
484 3381 644 3431 crediderim
663 3397 724 3434 esse
741 3384 762 3431 Β
780 3385 798 3430 0
816 3384 838 3431 V
855 3385 888 3432 W
911 3380 921 3446 ss
948 3381 980 3431 26
998 3380 1067 3433 benc

99 3454 184 3503 cmc
208 3451 217 3516 ΙΙ
241 3454 273 3502 27
293 3465 369 3500 suum
386 3450 475 3499 uideri
493 3451 510 3497 0
841 3454 844 3459 '
