2294 3780
104 139 164 202 128
389 139 436 190 lv.
465 137 624 190 nunaun
641 136 777 189 enarro

103 311 164 372 que
187 289 296 352 oculos
319 286 507 370 circumtuli,
529 286 569 351 ad
590 285 828 351 restitutionem
850 304 982 367 operum
1004 284 1069 349 sin-

103 374 251 458 gulorum
266 373 313 436 ita
327 370 445 456 gaudio
460 370 545 434 ferar
559 373 596 434 nt
609 369 757 453 spiritum
772 368 947 438 identidem
960 389 1069 432 meum

103 479 160 541 pro
182 457 311 521 illorum
334 455 435 519 salute
457 454 646 537 deuoueam,
677 474 810 536 quorum
831 453 920 517 iussu
941 453 1071 536 opibus·

103 562 163 625 que
185 541 385 624 reparantur.
430 538 485 603 sed
506 541 617 602 tamen
644 537 707 601 hoc
735 536 820 621 quod
845 535 925 600 mihi
953 557 1070 601 ornan·

77 627 163 689 adae
185 623 393 708 professionis
420 643 510 687 meae
539 644 635 693 eausa
657 622 813 685 tributum
842 624 892 685 est
921 620 995 687 huic
1017 642 1070 687 me

103 709 274 792 praecipue
296 708 400 772 sentio
423 707 537 771 debere
559 706 767 770 monimento.

167 790 273 857 XVII.
320 791 451 856 Etenim
473 791 500 855 si
522 791 606 854 bello
628 793 723 874 parta
743 788 842 859 Marti
864 788 1020 871 dicantur,
1042 789 1071 853 si

104 877 186 940 mari
224 875 347 940 uaesita
362 874 525 972 Neptuno,
549 874 576 939 si
592 895 711 939 messes
727 872 845 958 Cereri,
869 874 897 937 si
911 872 1071 939 Mercurio

104 959 194 1024 lucra
231 960 371 1042 tantur,
401 981 428 1022 sr
451 959 528 1023 item
555 980 662 1023 rerum
683 958 827 1023 omnium
849 959 1009 1025 commodo
1031 957 1072 1023 ad

67 1066 92 1104 ro
106 1043 225 1107 cultum
258 1044 442 1107 referuntur
474 1045 658 1107 auctorum:
697 1042 752 1106 ubi
779 1041 830 1107 fas
860 1045 908 1105 est
935 1040 1072 1107 docendi

105 1128 245 1212 praemia
268 1148 454 1191 consecrare
476 1127 537 1191 nisi
560 1127 595 1191 in
618 1126 691 1190 sede
713 1125 862 1191 dicendi?
883 1125 1071 1209 praesertim

106 1233 177 1276 cum
204 1211 284 1275 mihi
312 1211 397 1275 ultra
426 1232 627 1283 communem
654 1232 726 1275 curn
754 1211 869 1274 ceteris
895 1210 1072 1275 studiorum

105 1296 293 1380 religionem
316 1295 414 1359 etiam
427 1296 576 1378 proprius
592 1295 720 1378 quidam
742 1295 784 1359 sit
806 1315 882 1378 erga
897 1292 1072 1359 Maeniana

104 1379 161 1443 illa
176 1401 214 1443 ex
229 1380 384 1444 maiorum
400 1400 543 1445 macrum
557 1379 778 1445 recordatione
792 1378 938 1443 dilectus.
961 1399 1072 1461 quam-

33 1465 34 1468 ’
68 1482 93 1523 15
106 1464 154 1527 uis
182 1465 268 1528 enim
297 1467 371 1528 ante
393 1463 573 1548 ingressum
595 1464 751 1548 pueritiae
775 1484 865 1527 meae
886 1463 1073 1527 intermissa

105 1547 203 1610 fuerit
225 1569 335 1611 eorum
361 1547 545 1611 exercendis
569 1548 682 1611 studiis
703 1547 933 1631 frequentatio,
961 1549 1072 1613 tamen

105 1631 172 1694 illio
194 1652 289 1695 auum
311 1630 471 1714 quondam
494 1652 599 1695 meum
614 1631 759 1694 docuisse
782 1631 885 1714 audio,
907 1631 1072 1695 hominem

104 1715 243 1779 Athenis
271 1717 392 1797 ortum,
420 1714 541 1779 Rornae
563 1714 617 1778 diu
643 1715 812 1798 celebrem,
843 1736 918 1779 mox
946 1714 981 1778 in
1009 1715 1072 1779 ista

106 1798 184 1861 urbe
208 1797 407 1884 [perspecto]
431 1799 567 1881 probato
589 1799 755 1863 hominurn
779 1820 884 1863 amore
907 1798 1072 1863 doctrinae

67 1884 202 1964 aratque
238 1883 333 1946 huius
369 1882 469 1965 ipsius
509 1883 613 1965 operis
650 1884 858 1947 ueneratione
895 1883 1071 1949 detentum.

107 1967 196 2029 cuius
219 1985 280 2049 ego
302 1966 424 2047 locum,
451 1967 486 2029 in
508 1987 586 2049 quo,
613 1970 650 2031 ut
671 1967 829 2051 referunt,
858 1967 960 2032 maior
985 1970 1073 2031 octo-

107 2049 241 2134 genario
257 2049 376 2130 docuit,
400 2050 427 2113 si
442 2052 483 2114 ab
497 2050 560 2123 isto
577 2051 752 2116 uenerabili
768 2061 843 2115 sene
865 2051 922 2135 (te,
940 2051 1071 2135 Glauce,

107 2134 245 2218 appello,
267 2137 470 2218 praesentem
486 2155 581 2218 quern
601 2136 755 2218 uidemus,
778 2157 844 2199 non
868 2135 999 2199 ciuitate
1013 2138 1073 2201 At·

106 2219 217 2301 ticum,
241 2219 296 2283 sed
311 2219 452 2304 eloquio)
474 2220 571 2284 recoli
589 2219 756 2303 ornarique
770 2219 943 2303 perfecero,
965 2219 1073 2303 ipsum

13 2368 17 2375 ,
68 2320 93 2361 25
106 2301 186 2367 mihi
207 2303 342 2367 uidebor
363 2304 404 2368 ad
425 2303 525 2368 uitam
544 2304 604 2368 tali
626 2303 831 2387 professionis
853 2325 928 2371 suae
949 2325 1073 2369 succes·

107 2388 196 2451 sione
223 2409 398 2452 reuocasse·
442 2387 527 2472 quod
549 2387 675 2469 quidem
704 2409 764 2472 ego
791 2409 895 2451 meum
919 2409 996 2472 erga
1016 2387 1072 2453 ho

106 2492 218 2534 norem
246 2472 357 2535 domus
385 2493 422 2535 ac
449 2472 590 2536 familiae
617 2493 707 2536 meae
735 2471 875 2535 studium
901 2493 970 2536 non
997 2493 1072 2538 con·

175 2709 190 2757 6
203 2708 369 2757 monimenta
378 2708 460 2757 ΔΝ
472 2705 482 2772 1Ι
494 2709 510 2758 8
522 2709 658 2759 Mercurio
670 2715 845 2760 mercaturae
858 2708 1073 2773 luoraHauptius

106 2774 196 2824 Herm.
210 2774 258 2824 IV
265 2791 292 2838 p.
311 2776 360 2824 151
377 2772 387 2840 ll
405 2777 420 2825 9
439 2771 541 2840 rerum]
561 2775 670 2825 deorum
688 2776 898 2842 Eyssenhardtus
912 2775 918 2841 Ι
933 2776 1073 2827 commoda

107 2843 198 2891 addidi
207 2844 223 2893 l.
233 2845 266 2892 l..·
278 2857 324 2892 orn.
332 2843 368 2903 11,
381 2842 486 2893 fructus
492 2843 623 2892 Liuineius
637 2843 775 2906 primitiae
781 2844 964 2895 [litteratorios
976 2841 987 2909 ll
1000 2845 1030 2893 11
1044 2845 1074 2893 in

107 2905 1073 2975 κὴ]ψῄωώενῃηᾳώὼωἭΒπωᾳώὼωΔΒοῗῃῶ

106 2976 264 3024 intermissa
282 2989 319 3025 w:
340 2979 469 3027 termisaa
486 2977 513 3023 11
543 2972 552 3040 ΙΙ
583 2979 614 3027 16
634 2978 790 3028 exercendis
809 2978 908 3029 studiis
925 2980 1074 3030 Liuineius:

107 3042 252 3091 exercendi
269 3043 353 3093 studii
371 3045 397 3092 Al
415 3044 559 3094 exercendi
577 3045 665 3095 studio
684 3045 893 3110 Eyssenhardtus
922 3043 932 3110 ΙΙ
963 3048 995 3096 19
1013 3062 1074 3110 per-

106 3113 201 3172 specto
219 3110 375 3174 (prospecto
393 3112 423 3173 B)
443 3111 558 3176 probato
576 3112 615 3175 Al,
635 3117 779 3176 perspecto
797 3116 903 3169 seclusi:
926 3117 1073 3178 perspecto

107 3180 136 3224 et
157 3177 273 3239 probato
297 3178 354 3230 edd.
379 3183 551 3243 perspectum
572 3180 766 3245 probatumque
789 3195 814 3229 w
842 3181 846 3240 1
879 3181 1019 3231 hominurn
1040 3206 1074 3216 -

106 3245 140 3293 20
155 3242 302 3307 detentum
319 3261 366 3298 cm.
378 3246 411 3295 W
426 3244 436 3311 ΙΙ
453 3248 484 3295 21
504 3252 536 3295 ut
548 3247 571 3295 A
583 3246 714 3298 waera:
732 3264 778 3300 om.
791 3250 811 3296 B
823 3248 875 3296 GV
892 3245 902 3312 ΙΙ
919 3250 952 3298 22
973 3248 1075 3299 Glauce

106 3311 181 3361 edd:
200 3311 292 3362 clance
310 3314 333 3360 A
350 3314 370 3360 B
388 3314 410 3360 V
429 3312 519 3363 claute
538 3313 570 3362 W
587 3313 682 3364 clance
701 3316 718 3362 0
739 3311 749 3379 {l
771 3316 803 3366 23
823 3317 942 3365 actioum
959 3316 983 3364 A
1003 3316 1074 3367 athi·

107 3393 168 3428 cum
187 3380 207 3428 B
226 3381 346 3432 accitum
364 3394 389 3428 w
410 3379 420 3446 {l
444 3384 477 3432 25
495 3381 548 3430 teli
565 3397 611 3432 om.
631 3382 705 3431 Bert.
727 3380 737 3446 l
758 3384 790 3432 26
810 3398 860 3447 ego
880 3399 926 3433 om.
944 3385 964 3431 B
983 3399 1073 3437 meum

108 3460 159 3510 ego
177 3449 194 3504 Q
