2294 3780
381 126 541 179 TRAIANO
560 129 594 178 D.
616 130 727 179 43-45.
1000 129 1042 192 39

68 275 200 358 sapiens
222 275 276 358 qui
299 277 435 340 aetatem
457 278 492 342 iu
515 277 658 342 tenebris
681 277 759 361 agit.
799 277 908 341 eadem
923 279 1040 362 quippe

70 360 132 422 sub
160 359 305 441 principe
332 355 505 426 uirtutibus
533 362 676 445 praemia
705 383 786 445 quae
815 362 849 424 in
878 363 1039 444 libertate,

70 465 133 506 nec
155 443 353 507 benefactis
375 448 501 510 tautum
518 468 556 510 ex
580 445 775 509 couscientia
791 466 923 510 merces.
952 469 1040 510 amas

32 526 40 547 ⁸
71 529 288 591 constantiam
304 528 420 592 ciuium
443 535 609 613 rectosque
625 551 662 593 ac
684 529 808 593 uiuidus
824 530 946 594 animos
962 552 1039 614 nou,

70 616 108 675 ut
130 611 194 694 alii,
218 613 389 676 contundis
412 636 450 678 ac
472 615 640 699 deprimiS,
664 614 718 677 sed
740 613 829 678 foues
853 619 885 679 et
907 613 1065 680 attollis.⁵

69 697 204 780 prodest
226 697 327 762 bonos
351 718 428 780 esse,
454 721 526 762 cum
548 699 591 763 sit
613 698 691 762 sat-is
707 697 906 783 abundeque,
929 699 1040 763 sinon

71 784 181 844 nocet:
217 779 268 844 his
297 779 448 866 honores,
476 782 527 846 his
557 783 742 864 sacerdotia,
777 783 828 845 his
854 784 1040 866 prouincias

70 864 181 929 offers:
204 863 238 928 hi
261 865 404 930 amicitia
425 870 491 950 tua,
515 867 549 931 hi
571 867 688 931 iudicio
710 866 836 930 florent.
881 871 1041 931 acuuntur

71 949 136 1012 isto
163 949 361 1033 integritatis
390 955 423 1015 et
450 951 626 1015 industriae
659 951 761 1035 pretio
790 951 920 1034 similes,
950 951 1040 1015 dissi-

71 1034 165 1097 miles
187 1033 386 1099 alliciuntur:
418 1057 494 1099 uam
516 1036 659 1119 praemia
681 1036 836 1099 bonorum
861 1036 1079 1122 [malorum-10

72 1116 145 1206 que]
180 1117 284 1181 bonos
317 1140 354 1182 ec
381 1120 474 1183 malis
502 1120 636 1184 faciunt.
681 1120 776 1203 pauci
805 1120 881 1184 adeo
911 1121 1041 1205 iugenio

72 1201 184 1265 ualent
211 1205 247 1266 ut
273 1222 340 1266 non
367 1207 460 1287 turpe
482 1204 722 1287 honestumque,
751 1209 847 1285 prout
874 1205 956 1268 bene
986 1208 1042 1267 aut

73 1308 165 1350 accus
189 1286 294 1369 cessit,
317 1291 471 1370 expetant
491 1289 675 1373 fugiantue3
705 1288 812 1368 ceteri,
841 1288 895 1350 ubi
922 1287 1040 1350 laboris

72 1371 217 1453 inertiae,
239 1370 429 1454 uigilantius
445 1375 560 1452 somni,
584 1372 779 1456 frugalitatis
802 1371 945 1434 luxuriae
960 1392 1041 1434 mer-

74 1475 126 1518 ces
149 1455 250 1534 datur,
275 1456 385 1519 eadem
407 1456 470 1520 ista
494 1457 608 1540 quibus
631 1456 711 1519 alios
734 1454 856 1519 artibus
879 1458 1041 1520 assecutos
1055 1474 1079 1514 rs

73 1538 188 1603 uident
209 1542 449 1605 consectantur:
483 1541 655 1625 qualesque
683 1547 758 1604 suut
783 1539 840 1622 illi,
868 1539 949 1604 tales
972 1560 1041 1604 esse

73 1627 106 1687 et
128 1623 229 1688 uideri
251 1624 365 1688 uolunt
387 1627 427 1707 et,
451 1624 525 1688 dum
547 1626 669 1707 uolunt,
693 1625 783 1688 fiunt.

137 1706 236 1771 XLV.
264 1707 309 1770 Et
323 1709 446 1791 priores
462 1709 590 1792 quidem
606 1710 776 1793 priucipeS,
801 1710 933 1790 excepto
948 1710 1040 1791 patre

73 1795 141 1871 tuo,
164 1795 329 1875 praeterea
351 1814 414 1857 uuo
437 1797 492 1857 aut
509 1794 609 1858 altero
634 1798 704 1876 (nec
725 1793 822 1857 nimis
838 1791 928 1873 dixi),
953 1791 1041 1855 uitiis

74 1876 182 1959 potius
205 1877 322 1940 ciuium
345 1899 440 1960 quam
463 1879 634 1941 uirtutibus
655 1878 873 1941 laetabantur:
901 1877 1041 1959 primum
1055 1893 1080 1934 ao

76 1959 160 2043 quod
187 1960 222 2024 in
249 1960 312 2024 alio
340 1983 398 2024 sua
419 1983 574 2045 quemque
602 1966 719 2025 natura
742 1962 893 2043 delectat,
928 1961 1042 2024 deinde

76 2044 158 2127 quod
181 2045 390 2127 patientiores
416 2047 579 2110 seruitutis
607 2047 847 2110 arbitrabantur
869 2066 948 2127 quos
975 2066 1042 2108 nou

75 2129 202 2192 deceret
236 2150 305 2193 esse
336 2129 402 2193 nisi
432 2152 549 2200 seruos.
587 2131 700 2193 horum
733 2131 768 2194 iu
796 2131 903 2193 sinum
932 2128 1040 2190 omnia

77 2213 303 2297 congerebant,
327 2214 430 2277 bonos
453 2219 560 2278 autem
583 2215 648 2278 otio
672 2235 709 2276 ac
733 2215 795 2276 situ
824 2213 987 2274 abstrusos
1010 2214 1043 2274 et

77 2298 166 2379 quasi
188 2298 331 2380 sepultos
352 2319 420 2362 non
441 2299 505 2362 nisi
528 2297 741 2361 delationibus
769 2299 801 2359 et
828 2293 977 2378 periculis
1006 2294 1041 2357 in
1054 2312 1079 2354 aa

77 2380 178 2445 lucem
201 2403 238 2446 ac
261 2382 344 2445 diem
372 2382 588 2466 proferebant.
632 2384 669 2444 tu
699 2382 817 2443 amicos
846 2401 884 2443 ex
912 2377 1042 2461 optimis

75 2469 191 2545 sacrum·
224 2469 257 2529 et
283 2466 414 2531 hercule
442 2489 577 2551 aequum
605 2469 654 2530 est
680 2487 747 2528 esse
775 2485 828 2528 eos
864 2463 1042 2527 carissimos

77 2549 160 2614 bono
183 2551 322 2634 principi
343 2553 397 2634 qui
418 2551 515 2615 inuisi
536 2552 621 2615 malo
643 2551 775 2615 fuerint.
821 2549 893 2631 scia,
916 2553 952 2611 ut
967 2550 1043 2612 sunt

145 2773 160 2820 2
178 2787 278 2835 praem.
297 2773 390 2823 uirtut.
409 2775 441 2820 W
453 2771 492 2837 114
510 2779 602 2823 rectos
619 2776 652 2821 W
670 2776 831 2834 erectosque
850 2771 968 2820 Wusnns
982 2767 987 2833 Ι
1003 2770 1043 2818 ui-

76 2837 155 2887 uidos
174 2854 203 2904 g:
222 2839 333 2889 inuidos
344 2841 365 2888 B
375 2841 391 2888 0
402 2842 423 2888 V
442 2841 558 2890 mundos
570 2843 603 2888 W
615 2838 625 2904 ΙΙ
638 2842 654 2890 8
672 2843 808 2888 acuuntur·
819 2839 879 2886 Bc:
899 2837 1044 2887 acciuntur

75 2907 143 2953 VW
160 2903 170 2971 l
187 2908 202 2956 9
221 2909 273 2957 icto
293 2909 411 2971 Lipsius:
429 2909 479 2958 isti
495 2905 549 2972 Ill
570 2911 599 2958 10
616 2907 804 2970 malorumque
822 2906 915 2954 seclusi
930 2900 940 2967 ΙΙ
959 2905 989 2952 11
1011 2919 1043 2953 ec

76 2973 159 3023 malis
176 2977 285 3038 scripsi:
305 2990 338 3024 ac
357 2975 445 3025 malos
456 2972 506 3040 ΗΙΙ
521 2978 551 3024 12
569 2980 617 3023 aut
629 2974 761 3024 Bentleius
778 2970 1003 3034 inHor.sut.1I,
1018 2975 1042 3033 1,

77 3043 113 3090 31
119 3058 128 3089 .·
147 3058 180 3090 ac
192 3044 219 3089 ll
232 3040 241 3106 l
256 3044 287 3091 14
299 3058 393 3091 somno
405 3045 440 3102 Η,
453 3045 560 3094 correxi
574 3040 579 3106 Ι
594 3041 753 3106 frugalitati
765 3053 790 3088 w
802 3037 812 3104 ΙΙ
827 3043 857 3089 19
870 3055 922 3088 nec
934 3041 1043 3102 scripsi:

77 3111 106 3156 et
123 3109 150 3157 Μ
162 3106 172 3173 ΙΙ
185 3111 218 3159 20
236 3110 352 3173 primurn
372 3111 489 3175 quod-
505 3112 537 3158 22
557 3110 766 3160 arbitrabantur
783 3123 829 3157 om.
847 3108 903 3155 BV
920 3104 930 3172 ΙΙ
947 3108 978 3155 21
998 3106 1044 3155 de·

75 3175 142 3225 iude
161 3177 233 3240 qnod
246 3177 343 3227 Aldus:
362 3178 479 3241 denique
499 3192 567 3241 quos
585 3178 644 3225 (tW
656 3173 666 3242 ΙΙ
679 3178 712 3224 24
730 3190 764 3223 ac
782 3175 932 3224 Ernestius:
950 3177 999 3222 aut
1016 3174 1043 3220 Μ

77 3240 91 3306 li
110 3245 144 3292 26
162 3241 208 3310 ac]
229 3249 258 3293 et
276 3247 309 3292 W
320 3241 330 3308 ΙΙ
343 3247 375 3296 27
395 3247 479 3294 sumis
497 3246 557 3294 add.
575 3245 689 3293 Keilius:
712 3258 757 3294 om.
775 3244 802 3289 Η
819 3241 890 3306 legis
908 3243 966 3292 cdd.
983 3238 993 3304 ll
1010 3240 1044 3289 28

75 3311 162 3360 inuisi
184 3311 257 3362 malo
280 3315 353 3362 edd:
381 3312 467 3363 inuisi
484 3313 513 3361 iu
531 3310 603 3361 malo
623 3313 640 3357 c
657 3312 747 3360 inmus
766 3310 789 3359 si
811 3311 840 3358 in
863 3309 935 3359 malo
953 3309 976 3354 V
993 3308 1044 3355 im·

76 3393 175 3428 munes
193 3380 222 3428 iu
240 3379 313 3430 malo
331 3380 351 3427 B
370 3379 539 3430 formidolosi
563 3381 592 3428 in
609 3378 681 3429 malo
700 3390 724 3425 w
747 3377 752 3442 Ι
776 3381 840 3426 sunt
858 3390 875 3440 ς
897 3375 1043 3426 Liuineius:

74 3445 134 3495 sint
152 3449 185 3494 W
202 3447 311 3497 sicutli
331 3449 347 3496 0
365 3448 387 3494 V
