2294 3780
265 155 476 208 MAXIMIANO
495 155 666 208 AUGUSTO
685 157 719 207 D.
746 159 821 213 6-8.
986 158 1028 224 95

60 304 235 369 terminum
268 305 332 368 nisi
364 305 420 389 qui
450 308 579 370 tuorum
616 307 699 370 esset
732 326 899 371 armorum.
941 311 1029 393 atqui

60 387 211 454 Rhenum
245 391 340 454 antea
374 389 542 454 uidebatur
573 390 644 474 ipsa
678 389 724 454 sio
756 393 871 455 natura
901 391 1030 456 duxissa

59 475 96 537 nt
127 493 166 538 eo
198 472 301 538 limite
333 472 500 539 Romanae
538 475 723 558 prouinciae
754 474 794 539 ab
826 476 1029 541 immanitate

59 556 227 622 barbariae
246 557 498 623 uindicarentur.
536 562 569 623 et
596 559 667 644 quis
695 581 847 657 umquam
874 564 948 625 ante
970 582 1028 626 ucs

58 643 211 727 princeps
232 663 299 706 ncn
322 643 503 728 gratulatus
526 646 576 707 est
610 643 732 708 Gallias
760 644 815 708 rllo
843 667 937 710 amne
959 667 1054 709 mus

59 727 148 792 niri‘?
178 726 308 810 quando
328 748 396 792 ncn
425 749 497 793 cum
525 748 650 792 summo
677 729 765 792 metu
787 733 898 793 nostro
921 728 1029 794 Rheni

58 811 186 877 alueum
213 811 331 876 minuit
358 812 412 876 diu
439 833 552 876 serena
578 815 775 895 tempestas?
808 813 935 897 quaudo
962 835 1028 880 ncn

60 917 133 961 cum
148 896 321 960 securitate
335 899 447 960 nostra
466 896 552 961 illius
568 895 689 960 diluuia
705 897 901 962 creuerunt?
923 898 1026 983 credo,

58 980 171 1045 itidem
193 980 334 1065 opimam
356 980 445 1046 illam
473 981 676 1065 fertilemque
699 980 823 1064 Syriam
852 983 941 1047 uelut
963 1005 1027 1047 am-

57 1065 156 1150 plexu
183 1086 240 1129 suo
267 1065 401 1150 tegebat
414 1065 592 1147 Eufrates,
626 1071 797 1149 antequam
824 1065 1026 1132 Diocletiano
1040 1089 1067 1129 ro

58 1152 175 1234 sponte
190 1171 224 1215 se
244 1150 397 1214 dederent
414 1170 516 1235 regna
531 1149 709 1214 Persarum.
739 1171 849 1215 uerum
863 1149 925 1214 hoc
940 1151 1026 1215 louis

58 1234 108 1298 sui
123 1254 213 1298 more
227 1238 308 1298 nutu
330 1234 386 1297 illc
407 1234 522 1318 patrio,
545 1255 608 1318 quc
628 1235 736 1298 omnia
758 1238 1025 1317 contremescunt,

58 1322 92 1416 et
105 1318 275 1415 maiestate
289 1318 389 1416 ueshi
402 1318 541 1383 nominis
555 1321 752 1415 ‘consecutus
765 1321 832 1414 est:
859 1322 894 1381 tu
910 1321 1026 1401 autem,
1096 1328 1101 1341 '

57 1405 408 1570 idiiiistffi,
424 1402 1027 1572 ittttitattgtittttttt
1040 1502 1066 1546 a

56 1570 201 1636 herculei
247 1572 351 1636 eneris
378 1571 441 1635 hcc
467 1571 570 1635 fatum
592 1574 642 1636 est
674 1570 786 1635 uirtuti
814 1592 889 1636 suae
911 1572 1026 1637 debere

57 1656 144 1740 quod
165 1592 319 1720 uindicat.
355 1655 470 1720 exinde
491 1655 591 1740 igitur
613 1655 716 1719 soluto
739 1656 845 1719 animo
867 1677 904 1720 ac
925 1656 1026 1720 libero

57 1760 178 1804 sumus.
217 1740 294 1806 licet
328 1739 460 1805 Rhenus
499 1743 624 1805 mercat
657 1740 809 1824 tenuique
846 1740 939 1824 lapsu
972 1741 1026 1804 uix

56 1825 147 1890 leues
176 1825 316 1890 calculos
344 1845 417 1908 pars
440 1825 512 1889 icuo
547 1824 630 1889 uado
662 1824 779 1908 pellat,
814 1825 923 1889 nullus
951 1823 1026 1889 iude

56 1912 162 1974 metus
185 1912 248 1974 est:
278 1909 406 1994 quiaqui
449 1909 533 1974 ultra
551 1909 700 1973 Rhenum
722 1908 890 1993 prospicio,
910 1909 1024 1974 Roma·
1039 1928 1065 1967 ec

55 2015 137 2060 num
159 1997 217 2060 est.

115 2077 206 2142 VIII.
236 2077 288 2143 Sic
315 2077 371 2141 illa
399 2077 560 2161 quondam
587 2077 753 2142 Romanae
780 2077 944 2161 potentiae
971 2077 1025 2141 diu

57 2162 185 2226 aemula
213 2167 245 2226 et
276 2162 407 2226 inimica
433 2160 595 2246 Carthago
618 2182 636 2225 a
658 2161 695 2226 P.
724 2160 872 2244 Scipione
900 2160 1025 2224 deuicta

57 2249 118 2330 est,
143 2268 215 2311 cum
233 2247 261 2310 is
280 2247 416 2310 traiecto
436 2247 472 2310 in
486 2246 631 2310 Africam
652 2245 793 2308 exercitu
807 2243 1025 2307 Hannibalem

57 2331 100 2394 ab
127 2331 239 2395 Italiae
267 2330 448 2396 uastatione
475 2328 648 2394 reuocauit.
686 2327 831 2391 audieras
859 2327 937 2410 hoc,
964 2327 1023 2390 im·
1037 2345 1064 2385 aa

55 2415 209 2498 perator?
237 2437 280 2479 an
306 2416 375 2500 ipse
425 2435 459 2478 er
487 2418 520 2478 te
549 2413 658 2477 diuina
685 2415 741 2476 tua
767 2415 874 2476 mente
896 2432 1024 2496 perspe-

56 2520 153 2564 xeras
183 2500 229 2563 ita
256 2500 383 2564 demum
434 2501 519 2563 ostes
540 2497 685 2562 funditus
707 2517 800 2581 posse
823 2496 975 2581 subuerti,
998 2497 1025 2561 si

55 2585 92 2648 in
120 2583 259 2668 propriis
287 2584 414 2648 sedibus
442 2583 647 2647 uincerentur
672 2603 733 2647 nee
760 2582 911 2666 praedam
932 2580 1026 2645 modo

57 2689 155 2752 quam
178 2668 338 2752 cepissent
366 2668 565 2751 amitterent,
594 2667 649 2731 sed
677 2667 739 2751 ipsi
762 2667 913 2751 coniuges
935 2670 968 2731 et
989 2666 1025 2729 li-

55 2753 151 2816 beros
184 2755 217 2816 et
271 2756 396 2818 arentes
430 2772 504 2816 suos
538 2755 570 2816 et
598 2750 763 2816 carissima
795 2751 904 2814 omnia
933 2755 1064 2834 captato

55 2775 270 2901 maererent&
289 2839 349 2902 hcc
370 2840 406 2901 tu
429 2836 495 2901 siue
525 2836 690 2920 cognitum
711 2838 837 2899 secutus
860 2856 893 2899 es
915 2855 971 2899 seu
991 2838 1025 2898 te

56 2995 199 3002 *μη-..Η
226 2996 259 3002 .--

127 3079 141 3127 1
162 3091 297 3128 armorum
316 3090 354 3125 w:
374 3076 499 3127 arborum
511 3077 538 3123 H
555 3072 565 3139 ΙΙ
585 3074 736 3124 tuideatur
752 3074 779 3121 Π
803 3070 813 3137 ΙΙ
834 3073 955 3137 4ecqnia
974 3075 991 3122 0
1010 3069 1023 3137 ΙΙ

56 3148 72 3195 ὅ
98 3145 229 3210 princeps
255 3147 365 3210 scripsi:
395 3145 534 3208 principes
560 3142 587 3191 1
614 3140 617 3207 Ι
641 3139 688 3190 ἱΙΙο
710 3153 749 3188 w:
777 3139 884 3190 illorum
907 3142 934 3188 Π
966 3139 976 3204 ΙΙ
1009 3141 1025 3188 6

55 3212 148 3263 Rheni
171 3213 283 3263 alueum
305 3229 352 3262 om.
373 3211 405 3259 W
473 3213 488 3261 9
512 3206 586 3274 itid]
615 3207 766 3259 identidem
788 3207 860 3257 uera
881 3205 885 3271 Ι
906 3208 1025 3273 opimam

56 3281 205 3330 Liuineius:
228 3280 358 3345 optimam
382 3280 409 3327 Π
440 3276 445 3344 Ι
474 3279 506 3327 14
529 3278 652 3328 inuictus
676 3278 693 3325 0
721 3273 731 3340 ΙΙ
759 3277 792 3325 15
815 3275 933 3339 igneque
955 3288 992 3322 w:
1016 3273 1025 3339 ΙΙ

57 3349 89 3398 lt
106 3347 211 3398 factum
229 3347 282 3411 ΠΙ
301 3362 368 3397 snae
390 3349 500 3410 arripui:
524 3349 589 3396 tuae
606 3344 633 3393 1
656 3342 731 3393 Bert.
760 3340 770 3408 Ι
800 3345 831 3392 17
855 3342 980 3392 uindices
998 3343 1025 3389 Η

56 3415 132 3468 Bert.
151 3413 162 3480 Ι
179 3417 213 3467 20
225 3414 365 3480 perspicio
375 3416 408 3463 W
419 3411 429 3478 ΙΙ
442 3415 475 3462 24
486 3415 510 3462 is
523 3429 570 3463 ora.
580 3413 613 3461 W
632 3408 637 3475 Ι
657 3413 690 3460 26
700 3412 762 3476 ipsa
773 3410 800 3457 Η
820 3410 825 3474 Ι
844 3423 1026 3474 perspexeras

55 3483 78 3532 Δ
90 3484 113 3532 V
124 3485 158 3533 W
170 3483 260 3538 Bert.,·
278 3495 461 3548 prospexeras
470 3481 518 3530 Bc
539 3477 550 3545 Ι
570 3482 603 3531 29
617 3493 649 3530 ac
661 3479 707 3528 lib.
720 3480 738 3526 0
753 3478 756 3539 Ι
770 3477 872 3527 liberos
885 3475 981 3525 sucsA
993 3474 1026 3522 W
