2294 3780
123 134 187 198 226
450 137 484 187 x.
513 136 662 189 uszusu
679 137 759 188 Pru.

124 285 201 368 quin
223 285 377 367 opitulari
393 285 453 350 tibi
475 286 570 350 deum
592 286 710 365 credat,
735 308 806 350 cum
828 287 861 350 id
883 288 916 350 et
936 286 1004 350 uita
1027 307 1094 350 me·

122 373 230 433 reatur
259 374 291 433 et
312 391 418 433 rerum
440 373 601 454 gestarum
630 370 818 454 magnitudo
839 369 999 435 testetur?
1037 392 1093 453 pa·

122 475 250 536 rumper
272 454 373 537 igitur
396 453 436 517 ab
458 454 607 518 instituto
630 476 724 519 cursu
745 476 810 519 non
834 455 960 539 ingrato
981 454 1093 518 deuer-

121 537 220 601 ticulo
242 536 435 600 recedamus.
473 538 589 602 tenebo
611 537 698 602 hunc
725 539 878 603 orationis
900 538 1031 602 modum
1053 543 1093 602 ut

96 641 183 686 aneo
210 621 384 684 inhumane
418 621 456 684 de
484 623 667 704 praeteritis
699 625 789 685 muta
818 623 860 685 sit
891 643 952 686 nec
980 622 1093 686 odiose

121 704 319 768 instantibus
342 703 541 788 obloquatur.
578 711 630 788 tu,
654 707 828 789 imperator
850 707 984 790 optime,
1007 706 1092 771 inito

121 788 320 872 principatu,
343 787 445 853 adhuc
468 791 538 853 aeui
558 791 760 871 immaturus,
783 791 836 853 sed
860 791 924 853 iam
945 792 1092 854 maturus

121 874 267 954 imperio,
292 872 459 936 ostendisti
482 895 608 937 cursum
631 874 746 938 aetatis
768 895 834 937 non
857 874 1092 957 expectandum

122 957 157 1019 in
180 955 384 1020 festinatione
410 958 547 1021 uirtutis.
591 962 628 1021 tu
650 957 764 1022 exinde
787 957 873 1021 domi
895 957 1093 1040 militiaeque

85 1061 110 1099 ιο
123 1040 212 1103 iuxta
233 1040 336 1103 bonus
363 1063 521 1124 nusquam
544 1042 679 1125 gradum
706 1041 850 1104 extulisti
871 1043 947 1124 quin
973 1041 1093 1125 ubique

122 1127 155 1187 te
178 1124 283 1207 gloria
306 1125 396 1207 quasi
417 1125 530 1188 umbra
559 1125 711 1189 comitata
734 1127 787 1189 sit.
826 1132 862 1188 tu
883 1125 1092 1189 ferocissimis

122 1208 252 1292 regibus
282 1209 433 1273 Ascarico
462 1212 494 1272 et
522 1209 638 1273 comite
664 1231 721 1273 suo
750 1210 852 1293 captis
878 1212 971 1272 tanta
997 1208 1093 1273 laude

122 1313 173 1356 res
196 1292 327 1357 bellicas
355 1294 537 1376 auspicatus
560 1314 593 1357 es
621 1303 657 1356 ut
679 1314 749 1357 eam
776 1292 937 1357 inauditae
965 1293 1093 1376 magni-

122 1376 242 1441 tudinis
271 1376 414 1440 obsidem
435 1381 625 1441 teneremus.
663 1380 699 1440 ut
720 1376 893 1441 Herculem
913 1376 1023 1440 ferunt
1045 1379 1093 1440 te-

87 1479 111 1519 ra
124 1481 237 1523 nerum
271 1460 375 1524 adhuc
409 1465 503 1544 atque
531 1461 703 1525 lactentem
733 1462 810 1525 duos
841 1481 963 1544 angues
993 1482 1094 1524 manu

123 1544 261 1626 elisisse,
291 1545 415 1606 utiam
442 1548 479 1609 ia
500 1545 661 1608 infantulo
689 1545 814 1609 indoles
836 1545 936 1608 futuri
965 1544 1092 1608 roboris

123 1629 290 1711 emicaret,
315 1628 360 1691 sic
382 1632 432 1706 tu,
456 1629 640 1712 imperator,
664 1629 698 1690 in
720 1630 797 1712 ipsis
820 1629 945 1712 imperii
967 1629 1015 1692 tui
1039 1648 1092 1692 cu-

122 1712 266 1792 nebulis,
299 1711 388 1793 quasi
410 1713 554 1795 geminos
582 1713 736 1776 dracones
765 1734 911 1794 necares,
939 1732 998 1795 per
1024 1733 1093 1776 sae-

123 1795 329 1858 uissimorum
350 1816 464 1878 regum
483 1796 607 1859 famosa
629 1797 787 1879 supplicia
809 1796 950 1860 ludebas.

85 1898 111 1937 20
187 1876 291 1940 XVII.
320 1876 441 1941 Franci
458 1879 521 1961 ipsi
535 1882 663 1962 praeter
683 1884 804 1944 ceteros
818 1882 934 1962 truces,
956 1900 1092 1962 quorum

123 1961 172 2023 uis
196 1982 268 2023 cum
290 1961 329 2024 ad
352 1961 436 2025 bella
461 1962 680 2026 efferuesceret
701 1963 785 2027 ultra
807 1964 914 2046 ipsum
935 1983 1093 2027 oceanum

123 2048 212 2108 aestu
233 2045 351 2109 furoris
381 2050 492 2110 euecta
513 2045 746 2129 Hispaniarum
774 2047 872 2111 etiam
900 2068 970 2110 oras
994 2047 1093 2110 armis

123 2128 256 2193 infestas
279 2129 434 2213 habebat,
457 2130 491 2194 hi
513 2131 611 2215 igitur
633 2130 691 2194 sub
715 2131 811 2194 armis
833 2131 897 2194 tuis
919 2130 965 2194 ita
986 2131 1093 2195 conci-

124 2213 241 2277 derunt
256 2217 292 2278 ut
301 2215 399 2278 deleri
411 2215 555 2278 funditus
566 2218 709 2298 possent,
725 2215 789 2279 nisi
800 2214 909 2278 diuino
922 2214 1091 2298 instinctu,

85 2317 111 2357 as
146 2320 186 2361 uo
215 2298 301 2383 regis
329 2299 452 2381 omnia,
487 2320 566 2383 quos
594 2299 662 2381 ipse
695 2298 845 2362 affeceras
875 2296 1093 2362 conficiendos

120 2320 190 2446 'llio
213 2404 417 2448 reseruasses.
447 2404 637 2466 quamquam
661 2383 701 2446 ad
722 2382 860 2466 gloriam
881 2389 1022 2445 uestram
1045 2381 1092 2446 fc·

126 2467 229 2529 cunda
243 2466 337 2529 malis
353 2468 418 2531 suis
440 2467 528 2529 natio
543 2467 590 2528 ita
610 2467 729 2550 raptim
744 2467 883 2530 adoleuit
897 2465 1092 2548 robusteque

124 2553 266 2613 recreata
287 2553 336 2613 est
361 2553 397 2612 ut
418 2549 592 2613 fortissimo
616 2547 745 2614 Caesari
766 2550 924 2634 primitias
946 2550 1093 2633 ingentis

123 2633 277 2695 uictoriae
304 2633 409 2714 daret,
441 2654 512 2696 cum
540 2634 695 2697 memoria
722 2638 869 2716 acceptae
898 2632 998 2697 cladis
1024 2654 1093 2697 uon

86 2736 112 2776 ao
125 2716 275 2798 infracta,
298 2716 354 2779 sed
368 2719 515 2799 asperata
530 2721 699 2800 pugnaret.
722 2717 904 2781 differamus
919 2738 1094 2800 parumper

193 2974 208 3019 2
228 2975 346 3020 testatur
363 2972 385 3018 Δ
409 2968 419 3033 11
449 2973 464 3020 3
482 2970 646 3020 diuerticulo
665 2973 682 3018 c
701 2984 725 3018 w
749 2968 759 3034 1
783 2972 798 3020 5
819 2970 979 3034 praeteritis
999 2970 1095 3021 Mark-

125 3039 218 3087 landua
236 3054 275 3100 ep.
294 3039 351 3087 crit.
370 3039 405 3086 ad
416 3037 462 3085 Fr.
475 3038 551 3086 Hora
569 3055 595 3100 p.
609 3040 675 3086 142:
693 3039 794 3087 ceteris
810 3039 838 3085 1
858 3035 868 3101 11
891 3041 907 3089 6
926 3037 959 3086 de
977 3038 1095 3088 instant.

125 3106 184 3154 edd.
210 3102 220 3168 11
246 3106 276 3153 12
296 3105 450 3154 astaricot'
473 3101 483 3168 1
508 3106 540 3155 13
558 3120 620 3154 eam
637 3105 712 3155 Bert.
730 3106 753 3152 Δ
770 3105 790 3152 B
809 3105 845 3153 V:
863 3104 918 3153 iam
935 3106 969 3153 W
987 3106 1004 3153 0
1026 3101 1037 3170 1
1062 3108 1095 3157 15

125 3171 273 3220 lactantem
292 3174 320 3219 Η
343 3169 353 3235 11
377 3173 410 3221 16
427 3171 456 3219 in
473 3172 621 3221 Acidalins:
639 3187 686 3222 om.
705 3172 733 3218 Π
753 3169 763 3236 11
788 3173 819 3220 17
838 3173 972 3221 emicaret
988 3185 1026 3221 w:
1045 3172 1096 3222 im·

125 3239 243 3287 micaret
260 3239 287 3286 n
310 3235 320 3301 11
344 3241 375 3286 21
397 3236 430 3286 ad
449 3237 523 3289 bellu
540 3240 563 3286 Δ
586 3235 596 3303 1
624 3240 657 3286 22
675 3237 900 3301 hispaniarumA
923 3235 934 3303 11
957 3241 990 3289 23
1008 3238 1095 3290 habe-

125 3306 196 3356 bant
213 3308 240 3353 1
268 3303 279 3369 11
308 3307 341 3354 24
364 3305 622 3369 possintABcv
652 3302 663 3369 11
692 3307 725 3355 26
743 3301 871 3371 uestram]
896 3308 1058 3356 nostram!
1088 3304 1092 3372 1

125 3377 245 3423 nestram
264 3369 378 3438 gloriam
396 3371 471 3422 Bert.
487 3369 497 3437 1
518 3375 551 3423 27
570 3371 693 3424 adoleuit
711 3384 747 3420 w:
766 3372 889 3423 aboleuit
906 3373 933 3421 11
953 3369 964 3438 1
986 3374 1019 3423 28
1037 3374 1094 3439 pri·

126 3438 230 3505 mitiss]
251 3440 408 3504 prouincias
425 3439 458 3487 W
