2294 3780
248 147 508 202 consummo
526 149 695 203 AUGUSTO
712 152 747 206 D.
769 153 878 204 lca-32.
980 151 1042 216 237

76 298 202 363 hostico
220 299 354 381 accepit,
378 298 434 362 sed
449 320 483 362 se
498 299 601 382 ipsam
616 320 690 363 recu
715 300 826 382 erauit,
848 321 908 364 nec
923 303 1043 383 praeda

76 383 199 448 auctior
224 381 311 446 iacta
337 386 402 463 est,
435 383 490 446 sed
513 403 580 446 esse
601 405 661 466 pra
703 384 875 467 adesiuit;
909 389 941 448 et
964 386 1041 468 (quo

75 466 120 530 nil
144 465 230 530 adici
253 466 293 530 ad
315 465 437 550 gloriae
459 467 715 550 magnitudinem
734 470 891 548 potentius
908 470 1040 553 potest)

76 550 246 635 imperium
267 550 403 633 recepit,
434 571 514 632 quae
541 551 707 615 seruitium
735 552 924 617 sustinebat.
969 552 1042 616 duci

76 656 153 699 sane
181 634 329 698 omnibus
357 633 549 698 uidebantur
576 634 711 699 subacta
738 636 889 700 uitiorum
911 637 1068 720 agminas

76 741 156 803 quae
177 718 289 781 urbem
311 718 454 803 grauiter
475 718 681 783 obsederant:
712 721 814 784 scelus
837 720 993 784 domitum
1015 726 1044 786 et

76 804 162 868 uicta
183 801 328 886 perfidia,
350 801 500 865 diffidens
522 802 584 866 sibi
606 802 740 867 audacia
761 807 794 867 et
814 804 1042 887 importunitas

77 890 241 966 catenma,
269 886 359 950 furor
388 886 516 951 uinctus
544 890 576 950 et
598 892 729 952 cruenta
759 888 930 953 crudelitas
952 889 1043 953 inani

75 976 195 1037 terrore
221 971 430 1054 frendebant3
469 971 617 1067 superbia
647 974 743 1054 atque
776 974 961 1056 arrogantia
990 973 1042 1036 de-

74 1056 227 1138 bellatae,
254 1055 394 1119 luxuries
416 1059 554 1119 coercrta
582 1054 737 1120 etlibido
760 1060 936 1121 constricta
957 1079 1041 1122 nexu
1055 1080 1080 1120 ιο

74 1140 178 1205 ferreo
192 1140 394 1204 tenebantur.
422 1140 613 1221 sequebatur
629 1138 716 1203 hunc
738 1140 927 1203 comitatum
949 1162 1042 1205 suurn

75 1225 206 1308 tyranni
231 1224 243 1286 i
266 1224 333 1287 sins
354 1223 574 1287 taeterrimum
603 1230 715 1307 caput3
748 1245 800 1305 ac,
828 1225 855 1286 si
877 1245 939 1306 qua
960 1223 1041 1286 refe·

73 1308 219 1373 rentibus
240 1246 319 1371 ides
342 1311 401 1390 est,
422 1306 553 1370 suberat
575 1306 678 1371 adhuc
700 1308 835 1370 saeuitia
857 1311 889 1370 et
909 1307 1042 1371 horrcn-

74 1392 132 1457 dae
148 1392 267 1456 frontis
288 1391 393 1455 minas
413 1411 498 1454 mors
513 1391 584 1474 ipsa
606 1412 672 1455 non
689 1392 819 1455 uicerat.
843 1391 1042 1455 iaciebantur

73 1477 171 1561 uulgo
204 1473 543 1573 contumeliosissimae
559 1495 680 1571 uoces.
724 1497 801 1539 nam
834 1478 867 1539 et
892 1475 1039 1539 ludibriis
1053 1493 1079 1535 ιι

74 1581 343 1729 wiliel?
365 1558 1040 1725 ttttttt¹¹l⁶ttttt³lttuftttt

73 1728 221 1794 interitus
244 1727 455 1791 obterebatur.

135 1810 272 1876 XXXII.
308 1810 386 1888 Quis
407 1810 588 1893 triumphus
611 1811 786 1876 illustrior?
815 1833 897 1896 quae
919 1811 1040 1895 species

72 1895 236 1980 pulcrior?
273 1916 355 1978 quae
376 1914 494 1978 pompa
515 1894 662 1960 felicior?
700 1896 805 1960 dicam
830 1898 952 1980 itaque,
979 1896 1039 1959 im-
1052 1916 1078 1956 rc

72 1984 212 2064 perator,
236 2001 300 2063 quo
321 2000 386 2044 nno
409 1979 486 2042 satis
508 1979 588 2042 mihi
610 1980 721 2044 uideor
743 1981 885 2044 diuinam
902 1980 1039 2063 gloriam

72 2068 163 2128 tuam
183 2064 431 2149 significaturus.
460 2065 537 2146 quot
557 2063 593 2125 in
614 2063 670 2127 illo
685 2064 919 2146 turpitudinum
945 2066 1039 2126 notas

73 2150 271 2231 extinxeras,
306 2151 358 2211 tot
390 2147 425 2210 in
452 2149 485 2210 tc
518 2146 648 2210 laudum
680 2145 801 2210 infulae
832 2145 1037 2209 refulserunt.

72 2231 215 2296 fraudari
242 2231 540 2314 indulgentissimus
567 2231 717 2313 princeps
745 2250 782 2293 ea
808 2228 913 2313 gratia
939 2228 1039 2291 nemi·

71 2338 146 2381 nem
173 2316 277 2380 uoluit
303 2336 366 2399 quo
392 2316 499 2379 minus
527 2316 649 2397 omnia,
681 2335 806 2396 quaqua
833 2313 940 2376 odium
970 2311 1037 2375 eius
1050 2331 1076 2372 aa

72 2404 273 2484 peruaserat,
302 2400 520 2482 spectaculum
547 2399 708 2482 tyrannici
735 2397 856 2461 brueris
884 2396 1036 2479 expiaret.

72 2485 189 2567 ubique
243 2483 349 2548 uidem
381 2484 445 2546 iam
472 2483 629 2546 laetitiam
657 2485 766 2567 gestae
796 2482 843 2546 rei
869 2480 1039 2544 diffuderat

72 2569 175 2632 Fama
195 2506 288 2632 ulelox
311 2568 406 2631 etad
429 2566 623 2631 celeritatem
645 2566 752 2630 nuntii
773 2567 908 2650 pinnata
931 2564 1039 2629 Uicto·

139 2725 155 2771 2
174 2721 277 2772 desinit
292 2721 316 2770 A
333 2723 350 2770 0
366 2722 400 2769 W
419 2719 430 2786 ΙΙ
450 2725 466 2771 3
484 2721 624 2784 potentins
642 2737 703 2784 epo:
721 2737 767 2772 om.
782 2720 818 2781 H,
837 2721 926 2770 maius
944 2722 1002 2770 edd.
1024 2718 1036 2783 l!

71 2792 87 2839 4
105 2790 206 2854 recipit
222 2790 242 2838 B
260 2791 278 2837 0
295 2788 318 2835 V
337 2790 466 2853 recipitq;
486 2802 558 2837 seru.
577 2787 601 2836 A
629 2785 639 2851 11
668 2789 684 2837 5
702 2787 829 2838 subiecta
847 2790 864 2835 0
888 2785 898 2850 ΙΙ
922 2788 937 2834 6
956 2786 1039 2835 domi·

72 2857 116 2907 cir'r
132 2857 157 2905 Δ
183 2856 187 2919 Ι
214 2862 242 2905 et
259 2857 363 2906 addidi:
384 2871 430 2905 om.
449 2856 477 2903 dl
505 2851 515 2918 n
545 2855 796 2918 'limportnnitatis
812 2856 835 2902 Δ
860 2851 870 2918 ΙΙ
898 2853 1038 2903 Sinmani

74 2923 283 2989 Eyssenhardtua
303 2920 313 2987 ΙΙ
333 2924 349 2972 9
368 2921 514 2972 frendebat
530 2923 553 2969 Δ
574 2918 584 2986 ΙΙ
607 2924 638 2971 10
656 2922 739 2971 nexui
756 2922 778 2968 Δ
796 2922 814 2968 0
831 2920 854 2967 V
874 2917 884 2983 ΙΙ
906 2921 938 2968 14
954 2920 1038 2968 iacie-

71 2992 174 3041 bantur
190 2991 224 3038 W
236 2990 298 3050 (vt)
312 2990 402 3039 Bert:
421 2989 596 3039 iaciebantur
613 2988 667 3037 AB
680 2990 697 3037 0
710 2989 732 3036 V
743 2985 753 3052 ΙΙ
772 2990 803 3037 15
820 2985 946 3037 ludibriis
964 2988 1038 3037 edd:

71 3056 203 3107 laudibris
221 3057 274 3106 AB
288 3057 309 3104 V
326 3056 457 3106 laudibus
475 3057 492 3104 0
509 3058 543 3105 W
566 3053 576 3120 ΙΙ
602 3058 632 3106 16
651 3055 765 3105 iuuabat
782 3056 858 3105 edd:
875 3056 955 3105 iuuat
972 3056 999 3101 Ι
1023 3053 1036 3119 {l

72 3128 102 3175 17
121 3124 265 3190 uoluptate
284 3127 357 3174 edd:
373 3124 516 3173 uoluntate
534 3126 562 3172 1
587 3121 592 3190 1
613 3123 727 3173 terroris
745 3121 841 3171 insult.
860 3124 888 3170 1
910 3120 921 3186 l
948 3123 980 3173 18
997 3122 1039 3172 in·

70 3192 186 3242 territus
203 3191 236 3239 W
259 3189 269 3255 ΙΙ
298 3192 330 3239 22
348 3191 526 3255 turpitudinis
545 3190 578 3238 W
600 3188 611 3255 ll
640 3192 672 3240 23
690 3189 780 3239 insule
798 3189 821 3237 Δ
841 3187 845 3254 Ι
865 3190 1039 3239 refulxernnt

70 3260 199 3309 BGVW
217 3256 277 3323 [124
295 3273 329 3308 ca
347 3259 421 3308 cdd:
439 3274 453 3308 e
471 3255 526 3322 ΜΙΙ
547 3260 580 3308 25
599 3272 707 3323 quaqua
724 3256 813 3307 odium
830 3259 939 3321 scripsi:
957 3271 1037 3318 qnam

71 3326 163 3377 odium
181 3340 262 3391 quam
279 3326 653 3389 1‚alterumquamdel.w
683 3322 693 3388 ΙΙ
721 3322 993 3390 repercusserunt
1031 3320 1035 3385 Ι

70 3396 104 3444 27
127 3395 182 3444 iam
207 3392 316 3457 quidem
335 3395 375 3456 lt,
399 3395 556 3457 ncnspoaui.
583 3392 638 3442 iarn
660 3391 765 3456 pridem
782 3391 992 3456 Eyssenhardtus
1031 3442 1035 3453 ‚

71 3463 104 3513 28
122 3465 245 3526 pennata
263 3461 283 3509 B
301 3462 319 3509 0
336 3462 359 3509 V
377 3460 411 3507 W
