2294 3780
270 143 525 197 cossrnrrmo
545 143 715 197 accusso
734 147 767 197 1.
787 149 862 199 1-1.
989 146 1050 211 195

78 295 173 376 pater
185 291 273 357 illius
296 292 483 358 credebatur
498 294 662 358 discissam
685 295 726 359 ab
742 295 859 359 umeris
873 318 1049 380 purpuram

79 375 251 441 detrahere
272 381 405 442 conatus
424 382 569 443 senserat
589 379 625 442 in
646 378 726 442 illud
747 378 883 444 dedecus
905 402 963 444 sua
982 382 1050 445 fata

78 461 245 527 transisse.
273 462 362 527 mille
381 465 413 526 et
427 463 596 548 sexaginta
610 464 705 527 annis
728 467 911 528 contractas
926 487 964 528 ex
979 469 1049 529 toto

79 544 157 609 orbe
180 544 308 611 diuitias
330 549 509 611 monstrum
530 547 609 610 illud
632 548 806 632 redemptis
829 549 870 611 ad
892 549 984 613 ciuile
1005 550 1049 613 la·

78 630 254 695 trocinium
274 631 421 696 manibus
443 632 632 717 ingesserat.
666 632 789 697 adhoc
812 632 917 697 aliena
939 635 1074 698 matri-s

78 715 199 795 monia,
215 715 435 780 innocentium
451 717 556 800 capita
572 738 643 781 cum
654 717 749 780 bonis
764 719 886 801 passim
899 718 1048 783 donando

79 820 182 883 usque
204 800 244 864 ad
266 804 401 865 mortem
422 800 601 865 deuotionis
623 801 840 866 obstrinxerat
855 803 1048 886 parricidas:

80 905 193 948 omnes
221 889 326 950 01111111
353 888 409 949 aut
430 885 598 950 insidiatos
627 886 689 950 sibi
718 890 774 950 aut
794 887 902 970 palam
928 887 1049 971 aliquid

78 989 138 1052 pro
158 968 307 1033 libertate
330 972 462 1035 conatos
484 971 596 1053 poenis
619 970 780 1053 affecerat,
803 972 899 1034 armis
921 993 1050 1055 oppres·

78 1055 176 1120 serat.
220 1056 252 1116 et
272 1054 358 1118 inter
384 1054 464 1119 haec
492 1055 642 1118 utebatur
669 1056 736 1119 eius
763 1055 851 1118 urbis
878 1057 1087 1120 maiestatem

78 1158 176 1221 quam
198 1140 337 1221 ceperat,
360 1141 462 1203 totam
483 1138 611 1202 Italiam
633 1139 800 1203 conductis
823 1139 863 1201 ad
885 1161 980 1203 omne
1001 1140 1049 1204 fa·

80 1223 172 1287 cinus
195 1221 387 1288 satellitibus
409 1222 605 1307 oppleuerat.

142 1304 201 1371 IV.
243 1306 333 1372 Haeo
356 1308 472 1387 omnia,
495 1307 680 1392 imperator,
705 1328 777 1370 eum
799 1307 967 1391 cogitares,
990 1307 1049 1369 sci-

78 1411 147 1474 res,
170 1391 294 1456 uideres
315 1413 376 1456 nec
397 1395 430 1455 te
452 1395 588 1475 paterna
608 1391 753 1489 grauitas
774 1412 836 1455 nee
857 1394 912 1454 tua
934 1392 1050 1454 natura

76 1477 285 1540 temerarium
305 1498 375 1540 esse
389 1478 568 1560 pateretur:
591 1476 652 1559 dre,
677 1497 801 1557 quaeso,
824 1475 900 1559 quid
920 1475 954 1538 in
975 1494 1087 1538 con-15

77 1559 153 1623 silio
174 1561 238 1624 nisi
260 1561 405 1624 diuinum
426 1582 548 1625 numen
568 1559 732 1625 habuisti?
768 1582 809 1623 an
831 1560 888 1624 illa
911 1563 943 1623 te
964 1559 1048 1622 ratio

78 1643 217 1709 ducebat
242 1646 314 1730 (sua
335 1647 421 1710 enim
443 1647 555 1729 cuique
575 1645 747 1729 prudentia
770 1644 847 1709 deus
870 1645 940 1726 est),
964 1643 1049 1726 quod

77 1730 114 1791 in
136 1731 204 1793 tam
223 1729 343 1814 dispari
364 1731 570 1794 contentione
592 1752 659 1794 non
674 1732 800 1813 poterat
821 1728 932 1792 melior
955 1747 1050 1791 causa

77 1834 147 1877 non
168 1835 318 1897 superare
340 1818 387 1896 et,
412 1814 663 1879 innumerabiles
685 1814 763 1878 licet
782 1813 837 1877 ille
860 1813 968 1896 copias
991 1832 1049 1895 pro

78 1918 114 1962 se
138 1897 277 1963 obiceret
309 1920 368 1982 pro
382 1902 414 1963 te
429 1902 538 1963 tamen
554 1899 677 1963 iustitia
692 1897 883 1983 pugnabat?
906 1900 943 1960 ut
963 1896 1048 1960 enim
1062 1918 1087 1955 so

78 1982 226 2046 omittam
250 1949 306 2047 illa
333 2005 414 2066 quae
442 2004 509 2046 101
532 1984 623 2048 decet
649 1984 847 2079 compararit,
873 1981 1049 2078 quoderat

77 2066 135 2130 ille
156 2065 346 2131 Maximiani
374 2068 572 2151 suppositus,
606 2072 643 2130 tu
666 2067 848 2132 Constantu
871 2065 921 2127 P11
948 2064 1047 2146 fihus3

78 2150 134 2214 ille
171 2150 428 2235 despectissimae
464 2152 651 2236 paruitatis,
696 2150 828 2214 detortis
871 2147 1048 2230 solutisque

77 2234 230 2299 membris
262 2236 394 2300 nomine
411 2237 481 2320 ipso
505 2236 637 2300 abusiua
659 2233 874 2317 appellatione
890 2230 1047 2312 mutilat0,

77 2325 116 2383 tu
145 2286 242 2403 (quod
271 2320 390 2385 suffieit
417 2320 535 2405 dicere)
564 2322 673 2383 tantus
702 2339 740 2382 ao
768 2317 859 2381 talis:
895 2319 931 2378 ut
955 2314 1046 2410 haee,
1061 2334 1087 2373 aa

77 2404 225 2488 inquam,
255 2405 415 2489 omittam,
445 2409 494 2488 te,
522 2403 750 2484 Constantine,
780 2404 916 2485 paterna
943 2402 1048 2482 pratas

78 2489 285 2572 sequebatur,
313 2490 418 2573 illum,
446 2493 483 2553 ut
503 2489 587 2553 falso
609 2487 721 2573 generi
747 2507 815 2550 101
837 2483 1047 2566 inuideamus,

76 2572 876 2739 1111111111111111
892 2568 1050 2718 sciis

461 2707 470 2740 l

79 2743 314 2806 contaminata·
337 2747 369 2807 te
385 2680 495 2807 cilina
509 2744 692 2826 praecepta,
714 2740 805 2803 illum
827 2738 1049 2822 superstitiosa
1061 2754 1086 2795 eo

77 2825 255 2911 maleficia,
297 2829 309 2891 i
335 2850 389 2891 um
425 2827 562 2911 denique
601 2824 810 2909 spoliatorum
845 2821 1048 2917 templorum,

77 2910 233 2975 trucidati
255 2913 395 2994 senatus,
419 2912 522 2994 plebis
536 2910 702 2975 Romanae
723 2909 809 2971 fame
831 2909 963 2970 necatae
981 2925 1048 2989 pla·

78 3085 283 3092 ——-—--—

148 3203 278 3252 imortis
298 3201 469 3251 deuotionem
487 3200 619 3249 Liuineius
645 3197 650 3261 Ι
675 3198 809 3263 parricios
827 3199 860 3245 W
884 3194 894 3260 ΙΙ
924 3199 1049 3246 tantem

78 3275 129 3319 aut
146 3272 255 3334 scripsi:
278 3274 326 3318 aut
342 3270 370 3316 11
392 3271 484 3317 autem
502 3268 616 3332 Lonpius
645 3263 656 3331 ΙΙ
686 3268 717 3316 1o
739 3260 872 3331 diuinum]
892 3266 1002 3312 tuumc
1034 3260 1046 3325 ξ1

78 3341 112 3390 18
129 3341 187 3387 tam
204 3337 233 3386 in
252 3338 322 3402 disp.
341 3336 374 3384 W
403 3334 413 3400 ΙΙ
443 3338 476 3385 20
493 3334 635 3400 pugnabat
652 3334 797 3383 Liuineius:
820 3340 957 3399 pugnaret
974 3331 1002 3377 11
1034 3322 1045 3393 Ιξ

77 3408 112 3457 23
129 3406 281 3469 paruitatis
298 3418 335 3453 w:
361 3403 508 3468 prauitatis
525 3404 552 3450 11
581 3399 591 3466 ΙΙ
621 3403 654 3451 25
672 3398 717 3465 ao]
738 3404 765 3448 et
783 3402 805 3447 Δ
832 3400 835 3462 Ι
861 3394 941 3463 haec]
960 3398 1049 3461 hoel}

77 3472 86 3539 {2
104 3476 137 3525 27
156 3472 339 3534 inridemus,
357 3474 439 3521 uzalim
457 3470 611 3521 inludsmus
636 3467 646 3533 Η
670 3470 702 3519 32
721 3468 794 3517 fame
814 3471 927 3516 enectae
946 3465 1005 3513 edd.

842 3546 892 3600 13*
