2294 3780
373 136 585 191 1111111100,
609 140 717 188 ar-as.
984 139 1025 202 41

69 284 154 365 ferro,
178 284 301 348 saeuire
323 285 496 363 securibus,
521 291 556 348 ut
578 286 606 349 si
628 286 773 370 singulos
796 286 878 349 ictus
893 288 1026 371 sanguis

69 367 210 452 dolorque
240 377 435 452 sequeretur.
479 391 574 433 nemo
602 374 668 434 tam
698 373 883 454 temperans
915 372 1027 454 gaudii

69 473 209 536 seraeque
233 453 374 517 laetitiae
397 453 474 536 quin
496 454 598 517 instar
625 455 756 519 ultionis
779 454 939 518 uideretur
963 477 1027 519 cer-

68 558 134 600 nere
156 539 278 601 laeeros
301 541 400 620 artus,
423 542 573 602 truncata
594 540 746 622 membra,
768 543 931 622 postremo
960 543 1026 604 tru-

69 641 111 685 ces
138 621 378 705 horrendasque
405 623 563 706 imagines
591 624 731 687 obiectas
765 623 902 687 flammis
936 645 1053 689 exeo-s

69 709 187 790 ctasque
215 709 252 769 ut
273 726 312 770 ex
333 706 389 771 illo
411 711 531 771 terrun>
560 712 592 771 et
620 708 715 771 minis
743 709 778 770 in
805 730 897 771 usum
925 709 1027 773 homi·

67 811 134 855 nurn
163 812 200 854 ac
228 790 410 873 uoluptate
441 792 571 875 ipanus
598 796 809 856 mutarentur.
855 793 952 855 simili
980 815 1028 857 re·

66 875 212 954 uerentia,
236 872 363 956 Caesar,
397 897 460 938 nou
491 877 574 959 apud
606 877 736 960 genium
764 880 855 940 tuum
888 877 1028 941 bonitati

67 963 132 1023 luae
154 959 275 1042 gratim
299 982 318 1022 a
343 961 363 1037 i,
390 962 445 1023 scel
469 961 553 1042 apud
575 983 696 1025 numen
717 960 804 1025 Iouis
827 961 941 1044 optimi
963 984 1029 1026 naa·

67 1044 135 1107 rimi
157 1044 293 1126 pateris:
315 981 364 1107 iili
386 1045 499 1108 debere
522 1067 580 1108 nos
600 1046 747 1129 quicquid
769 1046 829 1109 tibi
847 1045 1028 1129 debeamus,
1041 1066 1066 1104 10

66 1127 144 1192 illius
174 1127 258 1211 quod
287 1128 368 1191 bene
396 1129 495 1192 iacias
523 1130 665 1193 muneris
694 1151 761 1193 esse
790 1130 844 1213 qui
871 1133 904 1193 te
930 1130 1027 1198 dedit.

67 1216 133 1276 ante
155 1213 284 1296 quidem
304 1213 454 1296 ingentes
477 1213 654 1277 hostiarum
681 1234 797 1297 greges
820 1235 877 1296 per
900 1213 1028 1297 Capito·

67 1295 161 1361 linum
183 1299 256 1378 iter,
278 1318 393 1380 niagno
418 1297 466 1360 sui
489 1301 579 1380 parte
603 1298 691 1360 uelut
716 1297 898 1379 intercepti,
921 1298 1028 1360 dever-

66 1386 128 1445 tere
149 1383 204 1445 uia
226 1382 432 1464 cogebantur,
456 1405 526 1445 cunr
550 1382 726 1445 saeuissimi
749 1381 871 1446 domini
899 1381 1028 1444 atrocis·

67 1467 141 1529 sima
184 1465 308 1549 effigies
344 1469 435 1529 tanto
477 1466 680 1529 uictimarum
723 1486 834 1529 cruore
872 1465 1028 1529 coleretur
1042 1484 1066 1523 ra

66 1553 216 1632 quantum
238 1553 308 1634 ipse
329 1549 461 1613 humani
485 1551 651 1635 sanguinis
673 1549 900 1634 profundebat.

124 1633 211 1698 LIII.
257 1635 384 1716 Omnia,
419 1638 527 1718 patres
560 1634 743 1718 conscripti,
778 1656 858 1730 quae
889 1635 927 1697 de
956 1634 1028 1697 aliis

66 1719 259 1802 principibus
290 1741 309 1782 a
337 1741 388 1783 me
421 1722 477 1781 aut
504 1719 653 1783 dicuntur
686 1723 741 1782 aut
769 1719 855 1782 d1cta
889 1720 964 1781 sunt
992 1739 1028 1782 eo

66 1805 225 1885 pertinent
258 1806 294 1866 ut
327 1803 494 1868 ostendam
533 1825 630 1887 quarn
667 1804 765 1886 longa
800 1802 1029 1867 consuetudine

67 1891 228 1970 corruptos
256 1888 508 1971 deprauatosque
543 1909 648 1952 mores
677 1888 876 1971 principatus
912 1908 1029 1971 parens
1042 1906 1068 1945 10

65 1976 171 2036 noster
197 1971 352 2035 reformet
378 1975 410 2036 et
439 1973 589 2056 corrigat.
627 1978 655 2037 ct
681 1973 824 2056 alioquin
854 1972 936 2035 nibil
964 1993 1030 2035 non

65 2078 174 2138 parum
196 2058 289 2140 grate
311 2057 381 2120 sine
404 2057 640 2139 comparatione
666 2055 822 2120 laudatur.
865 2059 1030 2138 praeterea

65 2139 124 2204 hoc
146 2142 286 2223 primum
308 2161 385 2224 erga
407 2141 564 2224 optimum
587 2142 813 2224 imperatorem
839 2141 966 2222 piorum
988 2139 1030 2201 ci·

65 2225 149 2288 nium
177 2224 320 2288 officium
348 2228 405 2305 est,
434 2225 559 2308 insequi
587 2224 767 2287 dissimiles.
810 2243 914 2305 neque
944 2222 1031 2284 eninr

66 2311 140 2373 satis
169 2309 284 2372 amarit
313 2309 413 2373 bonos
442 2309 602 2391 principes
630 2309 684 2390 qui
717 2307 819 2368 malos
852 2305 930 2368 satis
963 2325 1068 2367 nonas

66 2394 175 2458 oderit.
228 2393 316 2457 adice
349 2393 434 2476 quod
466 2392 668 2476 imperatoris
701 2390 804 2454 nostri
840 2411 907 2452 non
943 2387 1030 2451 aliud

66 2479 199 2562 amplius
215 2499 252 2542 ac
273 2477 417 2541 diffusius
432 2478 581 2542 meritum
604 2479 652 2540 est
666 2496 762 2558 quam
782 2474 865 2557 quod
880 2473 1031 2537 insectari

65 2564 165 2627 malos
187 2562 348 2646 principes
370 2566 477 2625 tutum
500 2565 558 2626 est.
597 2583 638 2624 an
660 2560 781 2624 excidit
795 2559 898 2623 dolori
919 2560 1030 2622 nostro

66 2647 156 2711 modo
179 2647 361 2711 uindicatus
383 2646 497 2710 Nero?
534 2645 744 2729 permitteret,
778 2643 882 2727 cred0‚
911 2643 1030 2706 faniam

66 2733 228 2815 uitamque
251 2731 318 2795 eius
341 2731 428 2814 carpi
452 2732 507 2814 qui
529 2733 664 2794 mortem
687 2729 899 2794 ulciscebatur
913 2748 972 2791 nec
995 2729 1030 2790 ut
1043 2746 1068 2786 10

66 2815 154 2880 inse
178 2816 265 2880 dicta
292 2816 555 2898 interpretaretur
582 2835 663 2896 quae
690 2813 728 2878 de
757 2813 920 2876 simillimo
949 2810 1031 2874 dice·

67 3006 253 3013 -.-.--.
263 3007 268 3012 .

133 3124 146 3170 1
174 3119 259 3187 ferro]
284 3122 344 3171 foro
368 3124 385 3169 0
415 3119 419 3185 Ι
455 3120 608 3170 tflammis
638 3122 824 3181 excoctaeque
843 3116 957 3166 Keilius:
987 3131 1032 3164 ex·

66 3194 213 3254 coctusque
231 3190 346 3239 flammis
364 3190 391 3236 11
427 3186 431 3252 Ι
463 3190 494 3238 10
512 3188 565 3238 tibi
587 3187 672 3238 om.B
701 3183 711 3249 ΙΙ
743 3186 773 3234 12
797 3182 983 3247 Capitolinum
1002 3196 1030 3247 ςι

66 3257 227 3322 capitolium
244 3258 271 3305 11
300 3254 310 3322 ΙΙ
341 3259 372 3305 13
391 3259 534 3308 deuertere
554 3267 583 3320 ςτ
608 3250 794 3304 1111101101οΗ
823 3248 833 3315 ΙΙ
865 3253 896 3301 lt
937 3250 1033 3299 1011111-

64 3324 170 3375 debant
187 3328 247 3375 BV
276 3322 287 3390 ll
315 3326 349 3374 20
367 3320 599 3392 depranatosque]
618 3321 836 3386 dampnatosque
853 3319 887 3365 W
916 3266 936 3381 li
954 3318 985 3365 21
1006 3320 1035 3365 et

63 3395 125 3444 add.
144 3396 291 3444 Liuineius:
310 3408 357 3442 om.
375 3395 403 3442 u
432 3390 441 3456 ΙΙ
472 3392 505 3440 29
527 3391 719 3455 permitterent
742 3387 762 3435 B
785 3384 1033 3450 permittereturv

66 3461 79 3528 l;
99 3465 132 3514 31
151 3462 399 3526 interpretarentur
415 3461 456 3525 11,
480 3473 548 3512 corr.
568 3471 592 3505 w
