2294 3780
105 149 146 212 28
427 152 448 201 Ι.
485 151 515 200 C.
534 150 651 202 PLINII
668 149 748 199 PAN.

66 323 70 329 ·
105 299 226 363 tatibus
260 300 327 362 eius
359 298 535 381 pudorique
567 297 760 360 subuentum
793 298 851 359 est.
901 295 1073 377 stupebant

107 384 266 466 agricolae
293 383 389 465 plena
417 380 532 445 horrea
561 381 641 464 quae
669 402 736 443 non
766 380 828 463 ipsi
858 379 1071 460 refersissent,

107 467 221 550 quibus
256 467 293 529 de
328 466 448 547 campis
481 465 537 528 illa
570 465 722 528 subuecta
754 463 866 527 messis
903 484 1005 546 queue
1038 465 1073 526 in

106 552 249 634 Aegypti
282 553 373 631 parte
396 548 485 613 alius
514 549 626 612 amnis.
670 549 717 611 ita
746 547 898 611 beneficio
926 551 982 610 tuo
1012 568 1073 610 nec

81 653 94 693 s
107 635 250 717 maligna
263 633 359 706 tellus
376 637 408 697 et
422 633 599 715 obsequens
608 629 718 696 Nilus:
741 635 769 696 is
780 634 929 714 Aegypto
945 631 1073 714 quidem

107 739 218 800 saepe,
248 717 302 780 sed
325 717 447 801 gloriae
474 721 601 780 nostrae
628 738 801 799 numquam
829 716 950 798 largior
971 715 1073 780 fluxit.

170 800 307 864 XXXII.
358 800 459 876 Quam
480 822 567 864 nunc
588 802 678 864 iuuat
700 798 881 884 prouincias
905 820 1016 863 omnes
1038 799 1074 861 in

72 924 75 929 ·
106 886 203 949 fidem
223 889 368 949 nostram
390 885 611 968 dicionemque
634 887 772 965 uenisse,
802 886 971 966 postquam
1001 904 1074 946 con-

106 970 183 1054 tigit
204 971 353 1053 princeps
383 971 438 1052 qui
465 973 622 1033 terrarum
643 969 874 1032 fecunditatem
901 988 988 1030 nunc
1010 967 1073 1030 huo

69 1072 95 1110 10
109 1075 196 1117 nuno
218 1054 308 1133 illuc,
331 1057 367 1116 ut
388 1063 514 1137 tempus
538 1056 570 1116 et
591 1054 765 1116 necessitas
787 1055 948 1135 posceret,
971 1055 1073 1114 traus-

107 1138 207 1200 ferret
234 1138 444 1221 referretque,
475 1139 527 1221 qui
557 1136 746 1220 diremptam
774 1138 855 1199 mari
880 1140 1011 1219 gentem
1038 1140 1074 1197 ut

106 1226 231 1305 partem
254 1221 393 1304 aliquam
415 1222 525 1306 populi
546 1221 712 1304 plebisque
729 1220 892 1284 Romanae
915 1221 1014 1283 aleret
1036 1241 1073 1282 ao

107 1308 263 1369 tueretur!
288 1311 320 1369 et
340 1307 425 1370 caelo
440 1307 568 1390 quidem
589 1327 764 1388 numquam
779 1304 963 1388 benignitas
982 1306 1074 1366 tanta

106 1394 144 1453 ut
166 1411 276 1453 omnes
300 1391 393 1454 simul
415 1396 518 1455 terras
540 1390 666 1453 ubertat
686 1389 873 1472 foueatque:
900 1389 951 1450 hic
974 1388 1074 1450 omni·

70 1488 95 1528 15
107 1474 167 1536 bus
189 1475 324 1554 pariter,
348 1476 465 1538 sinon
488 1473 704 1554 sterilitatem,
734 1476 768 1536 at
788 1473 873 1535 mala
895 1472 1075 1535 sterilitatis

109 1557 272 1619 exturbat:
310 1556 376 1638 hio,
400 1559 427 1620 si
448 1578 515 1619 non
538 1556 782 1637 fecunditatem,
805 1559 839 1618 at
860 1556 943 1618 bona
964 1556 1073 1618 fecun-

109 1639 218 1703 ditatis
241 1642 410 1722 importat:
441 1639 494 1702 hic
517 1639 648 1703 alternis
671 1639 900 1702 commeatibus
917 1639 1076 1701 orientem

31 1769 34 1773 -
108 1723 367 1805 occidentemque
401 1724 555 1805 conectit,
593 1726 645 1804 ut,
687 1744 767 1804 quae
796 1722 904 1785 ferunt
932 1743 1075 1805 quaeque

109 1810 280 1890 exportant
307 1829 397 1888 orae,
430 1808 570 1871 inuicem
598 1806 727 1888 capiant
752 1809 865 1890 gentes
891 1806 1077 1887 discantque

71 1906 96 1944 2⁰
109 1893 228 1973 quanto
244 1891 385 1953 libertati
401 1891 538 1955 discordi
560 1891 772 1954 seruientibus
789 1891 832 1954 sit
845 1890 955 1954 utilius
976 1913 1075 1955 unum

110 1995 178 2037 esse
211 1976 260 2037 oui
294 1975 446 2039 seruiant.
495 1977 612 2058 quippe
645 1974 790 2038 diseretis
824 1975 951 2058 quidem
983 1975 1076 2038 bonis

109 2057 251 2122 omnium
285 2080 341 2122 sua
376 2060 526 2142 cuiusque
560 2061 600 2122 ad
628 2059 774 2144 singulos
803 2060 905 2142 mala3
947 2059 1077 2123 sociatis

21 2144 25 2151 ’
110 2147 215 2206 autem
234 2146 329 2226 atque
344 2144 510 2226 permixtis
533 2143 732 2226 singulorum
746 2144 832 2207 mala
848 2144 888 2206 ad
903 2144 1085 2225 neminem,

111 2228 151 2312 ad
173 2249 283 2291 omnes
313 2229 457 2292 omnium
479 2228 563 2291 bona
584 2228 757 2310 pertinent.
803 2227 858 2290 sed
886 2226 954 2291 siue
981 2229 1076 2291 terris

70 2323 96 2364 2⁵
110 2311 261 2376 diuinitas
289 2313 447 2396 quaedam
476 2313 542 2377 siue
572 2312 687 2396 aliquis
715 2312 862 2376 amnibus
885 2312 1014 2395 geniuS,
1045 2315 1077 2374 ct

110 2396 214 2459 solum
236 2397 314 2460 illud
337 2401 369 2460 et
389 2397 508 2460 flumen
528 2399 634 2481 ipsum
656 2417 769 2478 precor
790 2400 828 2460 ut
844 2397 904 2459 hac
919 2396 1076 2478 principis

109 2478 310 2562 benignitate
339 2485 523 2544 contentum
551 2481 642 2543 molli
666 2481 786 2563 gremio
814 2481 937 2544 semina
965 2501 1075 2543 recon-

111 2561 180 2643 dat,
206 2562 420 2644 multiplicata
440 2563 598 2626 restituat.
642 2584 709 2626 non
732 2563 859 2646 quidem
880 2564 1076 2648 reposcimus

110 2644 219 2708 fenus:
238 2648 330 2728 putet
344 2649 452 2709 tamen
468 2667 536 2709 esse
552 2647 741 2711 soluendum
756 2647 966 2731 fallacemque
981 2649 1078 2712 unius

177 2919 194 2964 4
211 2917 298 2966 amnis
316 2916 349 2963 W
366 2930 392 2964 r:
413 2932 499 2966 annus
517 2919 536 2965 B
550 2919 603 2966 (1111
615 2933 633 2966 11
652 2917 709 2980 (scd
721 2921 747 2966 iu
764 2933 780 2966 u
793 2934 860 2967 corr.
882 2935 917 2968 cac
935 2919 1042 2979 amnus)
1063 2917 1074 2984 Ι

111 2981 162 3032 sis
173 2986 262 3033 addidi
274 2981 283 3047 ΙΙ
297 2981 415 3050 7quam]
428 2985 581 3047 quoniamc
594 2983 604 3048 ΙΙ
617 2988 632 3035 9
645 2990 776 3035 terrarum
790 2987 863 3048 quic
876 2984 886 3049 ΙΙ
900 2987 929 3034 11
941 2987 1076 3050 direptam

110 3052 145 3110 Η,
160 3065 227 3099 corr.
241 3065 257 3114 ς
270 3049 280 3114 ΙΙ
295 3051 325 3100 13
338 3048 376 3116 et]
391 3067 405 3100 e
419 3052 451 3099 W
463 3049 473 3115 ΙΙ
487 3055 518 3100 14
530 3052 625 3102 uberet
637 3055 671 3114 Μ,
688 3069 757 3103 corr.
771 3068 787 3117 ς
800 3051 810 3117 ΙΙ
825 3055 855 3102 15
868 3058 897 3101 at
910 3055 979 3104 GW:
993 3060 1076 3118 atque

110 3115 187 3180 nvn
202 3120 232 3166 16
249 3115 291 3183 at]
312 3118 360 3168 sed
378 3132 403 3165 w
416 3116 425 3182 ΙΙ
440 3120 469 3168 17
489 3118 602 3170 alternis
622 3122 741 3183 Lipsius:
759 3121 877 3170 aeternis
894 3123 920 3169 Μ
933 3117 943 3186 ΙΙ
958 3122 989 3170 18
1008 3136 1076 3184 quae

111 3183 202 3232 lerunt
220 3200 340 3249 quaeque
358 3191 488 3250 expetunt
506 3202 570 3250 opes
589 3192 687 3249 gentes
705 3187 811 3237 discant
828 3188 946 3238 inuicem
964 3189 1078 3253 capiant

111 3252 147 3312 M,
160 3267 207 3314 epo
220 3256 333 3302 correxi.
353 3267 424 3315 quae
438 3262 564 3303 seruntur
578 3256 625 3315 (ιία
634 3254 776 3315 Liuineius)
790 3269 913 3319 quaeque
926 3261 1079 3305 emetuntur

111 3333 202 3368 omnes
222 3320 269 3380 (ita
288 3321 371 3382 urrlpo)
391 3320 507 3370 inuicem
524 3322 634 3386 capiant
651 3327 748 3385 gentes
768 3323 929 3388 discantque
946 3325 1078 3387 Hauptius

111 3389 128 3437 1.
147 3388 163 3435 1.
180 3403 206 3450 p.
226 3386 328 3452 281120
347 3387 529 3448 libertatell,
548 3392 617 3440 corr'.
636 3389 763 3439 Gesnerus
775 3388 785 3455 Ι
798 3392 827 3439 21
849 3405 907 3441 osse
925 3406 1007 3441 unum
1026 3392 1043 3438 0
1064 3388 1075 3455 ΙΙ

111 3455 145 3503 24
162 3455 280 3507 omnium
298 3455 444 3505 Liuineius:
464 3455 554 3505 omnia
571 3456 605 3504 Μ.
