2294 3780
110 151 151 216 86
433 152 456 204 1.
491 151 521 204 0.
539 152 654 205 PLINII
671 152 750 203 PAN.

110 302 193 366 latus
222 302 402 384 accepimus
430 299 540 383 simul,
568 300 662 364 simul
689 301 845 384 gerimus,
874 300 1016 384 alterque
1044 301 1080 364 in

111 386 211 450 altero
233 384 380 450 consules
402 384 519 448 iterum
540 388 574 447 ct
596 385 717 467 pariter
739 406 857 448 sumus.

169 469 274 536 XCII.
286 469 370 533 Illud
382 489 457 532 uero
475 489 571 552 quam
587 468 714 552 inchne
740 468 825 552 quod
846 467 938 532 nobis
955 468 1080 551 praefe-

111 555 171 619 ctis
182 554 305 618 aerario
316 553 514 617 consulatum
526 554 601 616 ante
613 574 707 637 quarn
720 574 933 618 successorem
945 552 1078 617 dedisti!

85 641 206 703 caucia
227 641 276 702 est
295 637 436 721 dignitas
459 636 627 721 dignitate,
650 658 710 702 nec
732 638 936 702 continuatus
951 640 1078 701 tantum

110 722 165 787 sed
180 723 362 806 geminatus
377 725 427 787 est
441 721 555 805 honor,
574 722 736 805 finemque
750 721 920 805 potestatis
935 721 1077 805 alterius,

108 809 271 890 tamquam
304 828 418 890 parum
450 810 535 870 esset
567 807 730 890 excipere,
765 807 866 872 azara
898 805 1078 889 praeuenit.

107 893 200 955 tanta
214 891 273 956 tibi
290 891 489 976 integritatis
504 893 634 956 nostrae
648 890 764 955 fiducia
786 890 849 955 fuit
869 893 906 954 ut
930 911 999 953 non
1019 889 1075 954 du-

108 973 228 1039 bitares
254 979 288 1039 te
316 974 406 1039 salua
434 975 620 1059 diligentiae
648 977 722 1038 tuae
749 975 874 1038 ratione
903 973 1079 1057 facturum,

71 1079 97 1118 ro
110 1059 138 1123 si
163 1080 222 1123 nos
251 1062 325 1143 post
355 1059 527 1123 maximum
560 1058 701 1124 officium
732 1059 876 1142 priuatos
911 1079 980 1122 esse
1009 1079 1077 1123 non

109 1143 238 1208 sineres.
276 1143 361 1228 quid,
390 1143 474 1227 quod
501 1143 636 1207 eundem
664 1144 699 1206 in
727 1164 847 1207 annum
875 1143 1077 1206 consulatum

108 1234 197 1293 tecum
219 1233 247 1294 et
267 1232 414 1293 nostrum
438 1227 627 1293 contulisti?
658 1248 735 1313 ergo
757 1248 825 1291 ncn
847 1225 910 1290 alia
937 1247 997 1290 nos
1019 1248 1077 1310 pa·

107 1312 184 1396 gina
204 1335 300 1397 quam
321 1334 402 1395 pace
420 1314 452 1377 te
475 1312 639 1378 consulem
655 1312 800 1395 accipiet,
825 1314 858 1374 et
872 1312 984 1374 nostra
999 1332 1077 1393 quo-

108 1417 168 1478 que
184 1397 315 1461 nomIna
331 1397 487 1462 addentur
506 1397 599 1461 fastis
622 1397 736 1481 quibus
752 1397 762 1458 i
787 1418 819 1460 se
833 1394 1076 1479 praescriberis

70 1498 95 1539 u
107 1485 144 1544 tu
168 1481 305 1545 comitiis
325 1481 445 1545 nostris
459 1481 650 1563 praesidere,
673 1484 709 1544 tu
729 1419 821 1545 uoltis
837 1479 1077 1543 sanctissimum

107 1564 187 1628 illud
210 1585 339 1628 carmen
361 1565 485 1648 praeire
507 1565 656 1648 dignatus
679 1586 722 1646 es,
744 1568 800 1628 tuo
821 1563 939 1627 iudicio
963 1584 1077 1627 consu·

106 1647 153 1713 les
176 1648 262 1730 facti,
284 1652 341 1713 tua
363 1670 441 1714 uoce
463 1649 640 1712 renuntiati
662 1669 780 1732 sumus,
811 1649 847 1711 ut
868 1647 953 1712 idem
976 1649 1076 1711 hono-

106 1732 196 1796 ribus
211 1733 330 1797 nostris
346 1733 538 1816 suffragator
552 1733 587 1796 in
602 1732 699 1816 curia,
714 1733 750 1796 in
766 1753 879 1815 campo
895 1731 1077 1796 declarator

108 1815 272 1881 existeres.
308 1817 373 1880 iam
395 1817 480 1901 quod
503 1817 533 1880 ci
554 1839 613 1881 nos
633 1816 836 1900 potissimum
857 1817 961 1880 mensi
984 1817 1076 1880 aitri·

70 1918 95 1958 ao
109 1901 207 1964 buisti
241 1921 335 1984 quem
368 1904 442 1964 tuus
470 1900 586 1964 natalis
619 1905 768 1983 exornat,
804 1922 899 1985 quam
930 1901 1077 1984 pulcrum

108 1984 219 2049 nobis!
255 1985 369 2068 quibus
402 1985 506 2049 edicto
513 2034 523 2068 ,
557 1986 672 2068 quibus
700 1985 883 2069 spectaculo
914 1985 1076 2049 celebrare

109 2069 279 2154 continget
311 2069 395 2134 diem
427 2069 519 2133 illum
551 2069 671 2153 triplici
702 2070 820 2154 gaudio
852 2070 987 2147 laetum,
1021 2070 1077 2153 qui

107 2153 288 2252 principern
309 2154 451 2252 abstulit·
462 2153 646 2238 pessimum,
670 2153 758 2219 dedit
778 2155 944 2250 optirnum,
966 2154 1076 2250 melio·

69 2336 96 2379 a
109 2241 337 2387 §ridelli
356 2239 880 2408 {illitatidttfflltitt
906 2239 1078 2385 titii

108 2409 185 2471 uota
201 2409 366 2489 certantia,
383 2429 463 2492 quae
486 2409 648 2490 praesenti
668 2408 729 2472 tibi
750 2406 966 2489 conferentur,
982 2404 1076 2470 uche-

42 2492 323 2558 *fncsalaeres
345 2495 378 2556 et
399 2493 514 2556 incerti
543 2513 581 2556 ex
608 2495 681 2556 utra
708 2494 800 2575 parte
822 2491 924 2555 maior
945 2489 1077 2554 auribus

108 2575 229 2641 nostris
252 2576 376 2640 accidat
398 2576 526 2640 clamor.

165 2658 282 2725 XCIII.
302 2659 403 2742 Super
426 2658 534 2723 omnia
549 2661 658 2722 tamen
679 2657 928 2741 praedicandum
950 2657 1078 2722 uidetur

72 2760 98 2800 ³0
111 2743 197 2827 quod
218 2744 337 2826 pateris
360 2743 505 2807 consules
529 2763 597 2806 esse
619 2762 699 2826 quos
721 2741 837 2806 fecisti,
867 2742 984 2825 quippe
1006 2741 1077 2805 nul·

111 2826 178 2892 lum
200 2827 386 2912 periculum,
408 2827 515 2893 nullus
538 2848 577 2890 ex
598 2825 744 2910 principe
765 2830 870 2891 metus
893 2824 1077 2891 consulares

180 3066 194 3114 1
209 3063 435 3114 consulatus—2
449 3063 537 3116 altero
556 3079 603 3115 om.
616 3064 637 3112 B
648 3066 672 3112 V
692 3061 696 3130 l
717 3064 870 3130 accipimus
889 3066 947 3115 edd.
964 3061 974 3130 il
991 3065 1078 3114 2con·

112 3130 188 3182 eules
206 3131 226 3178 B
243 3132 279 3179 V:
305 3130 402 3181 consul
425 3131 473 3180 sed
496 3133 564 3180 (tw
591 3128 601 3196 i
630 3129 757 3183 ialtera
777 3134 839 3182 add.
863 3133 1011 3182 Liuineius:
1029 3147 1076 3184 om.

111 3200 139 3247 Η
159 3196 163 3260 i
183 3199 330 3262 praeuenit
348 3199 392 3246 W:
416 3199 541 3263 peruenit
557 3200 577 3247 B
596 3200 614 3247 0
631 3200 654 3247 V
681 3196 692 3264 ΙΙ
722 3201 753 3250 12
772 3204 890 3248 tuomet
908 3201 1012 3250 addidi:
1030 3215 1078 3250 om.

111 3267 140 3313 Ε
159 3265 321 3316 consulatus
350 3266 393 3314 tui
419 3265 590 3316 consulatum
618 3272 742 3317 nostrum
770 3265 912 3331 Oncplrius
937 3267 1079 3317 Pocriniue

110 3333 174 3396 fact.
192 3333 207 3382 Ι
225 3335 285 3398 pai
310 3331 320 3398 ii
351 3335 382 3384 13
401 3347 470 3398 quae
489 3348 519 3399 ςε
543 3350 589 3385 om.
607 3335 636 3381 Π
664 3331 674 3398 ll
704 3335 737 3384 14
755 3334 934 3399 perscribatis
952 3337 988 3398 Π,
1006 3350 1077 3385 corr.

114 3399 258 3452 Oatcnceue
281 3397 291 3466 ΙΙ
317 3401 421 3451 liliam
439 3401 555 3452 Keiliuc:
572 3415 637 3451 nam
654 3401 682 3448 Η
700 3400 705 3468 Ι
726 3402 752 3452 ei
771 3415 819 3452 nos
836 3401 1010 3453 Sctwcrzius:
1030 3416 1078 3452 eos

112 3468 140 3518 Π
158 3470 185 3519 ei
203 3482 228 3517 w
252 3466 262 3533 ΙΙ
286 3469 319 3519 25
338 3469 430 3519 omina
449 3482 478 3534 ςε
497 3470 588 3520 omnia
605 3471 633 3518 Η
