2294 3780
106 138 170 207 136
330 200 332 206 ,
433 139 465 190 v.
494 137 646 191 mosum
663 137 745 190 esu.

104 289 224 355 misero
257 311 388 354 manum
415 289 570 373 piraticae
598 288 749 353 factionis
782 291 877 373 atque
904 289 969 353 illis
997 290 1077 355 olim

106 374 188 438 mari
215 374 307 439 fretis
336 373 508 437 alluentem
537 375 647 457 portas
679 372 798 438 ademit
827 394 990 439 oceanum.
1038 375 1075 438 in

107 480 170 543 quo
198 459 309 523 diuina
332 456 536 541 prouidentia
558 460 614 522 tua
642 460 674 521 et
694 479 752 541 par
779 457 912 522 oonsilio
942 458 1080 523 effeetus>

107 543 272 628 apparuit,
310 541 365 626 qui
398 562 525 606 omnem
560 541 651 606 illurn
683 542 788 606 sinum
815 545 943 627 portus,
979 563 1083 624 quem.

81 627 204 692 estatis
225 625 349 690 uioibus
372 630 477 690 aestus
500 627 652 709 alternat,
675 626 785 691 defixis
808 626 843 690 in
865 627 954 692 aditu
974 625 1075 690 trabi·

107 711 166 775 bus
196 711 393 796 ingestisque
417 711 502 775 saxis
523 712 648 775 inuium
676 711 812 774 nauibus
839 710 1005 775 reddidisti
1027 714 1082 774 at·

108 795 169 879 que
191 794 295 879 ipsam
309 795 372 859 looi
393 799 542 860 naturam
559 794 741 859 admirabili
762 796 886 860 ratione
906 795 1076 879 superasti,

108 901 180 944 oum
208 901 295 945 mare
322 879 442 944 frustra
470 880 669 963 reciprocum
690 879 861 964 prohibitis
883 879 962 976 fuga
983 880 1079 962 quasi

108 962 242 1028 illudere
264 963 426 1029 uideretur
445 964 570 1048 iamque
592 963 681 1028 nullo
702 985 762 1028 usu
783 964 909 1029 iuuaret
923 963 1078 1047 molusos,

69 1069 95 1109 10
108 1048 198 1132 quasi
220 1048 323 1113 redire
345 1049 487 1117 desisset.
532 1069 690 1132 quaenam
717 1070 865 1132 umquam
887 1047 1076 1112 mirabimur

107 1133 195 1196 ualle
223 1135 397 1197 castrorum
424 1132 586 1216 posthoc
613 1154 731 1196 nouum
759 1134 794 1196 in
820 1133 902 1196 mari
929 1131 1076 1197 uallum?

108 1217 183 1302 quid
205 1218 265 1282 erit
286 1218 403 1282 mirum
425 1219 453 1281 si
473 1239 536 1302 qua
556 1239 719 1282 murorum
742 1219 796 1281 aut
811 1217 903 1281 arieti
924 1237 992 1282 non
1010 1237 1077 1281 oes-

108 1303 187 1366 serit
206 1302 340 1368 firmitas
363 1305 420 1367 aut
436 1302 604 1368 machinas
619 1302 800 1385 despexerit
820 1301 980 1366 altitudo?
1001 1323 1076 1366 eum

109 1409 248 1453 oceanus
270 1387 324 1452 ille
345 1390 437 1452 tanto
459 1388 594 1452 libratus
616 1388 752 1471 impetu,
782 1388 874 1450 tanta
895 1385 979 1450 mole
1001 1407 1076 1451 oon-

69 1491 259 1558 resurgere,
292 1473 359 1538 siue
385 1472 589 1536 ulterioribus
617 1476 654 1536 ut
673 1471 782 1536 ferunt
807 1471 900 1536 terris
928 1471 1076 1553 repulsus

108 1557 176 1620 siue
199 1557 345 1620 anhelitu
366 1578 460 1640 quem
482 1557 620 1640 respirat
642 1559 770 1621 euectus
796 1577 852 1620 seu
874 1576 1077 1639 quacumque

108 1641 173 1705 alia
194 1641 319 1706 ratione
341 1643 455 1723 motus,
477 1661 678 1724 nequaquam
694 1644 760 1723 tua,
783 1641 910 1722 Caesar,
934 1638 1080 1704 claustra

108 1725 301 1810 perfregerit
328 1746 430 1809 neque
452 1726 583 1789 omnino
611 1724 798 1790 conuellerit
818 1728 869 1789 tot
891 1724 1013 1789 dierum
1037 1746 1079 1789 ao

108 1811 253 1874 noctium
274 1812 405 1893 receptu
426 1830 634 1895 recursuque3
672 1831 743 1874 eum
765 1812 815 1873 tot
836 1810 982 1892 interim,
1011 1830 1078 1893 qua

70 1912 95 1954 ao
109 1897 210 1958 terras
226 1894 424 1977 circumfluit,
441 1894 537 1958 litora
551 1895 690 1959 solueret
703 1895 852 1978 ripasque
867 1892 1076 1978 defringeret,

18 2052 80 2065 W
108 2000 173 2042 uno
195 1978 261 2062 illo,
284 1982 319 2043 ut
340 2000 390 2042 res
413 1982 471 2062 est,
493 1978 563 2044 loeo
586 1982 642 2044 aut
662 1979 807 2063 potentia
830 1981 955 2043 uestrae
977 1979 1075 2042 maie·

16 2064 18 2068 ’
49 2129 51 2133 ,
108 2062 202 2128 statis
239 2063 372 2128 inferior
408 2067 464 2129 aut
498 2087 556 2148 pro
590 2063 697 2128 debito
733 2062 824 2126 uobis
856 2062 976 2126 honore
1014 2062 1077 2126 ele·

109 2148 256 2213 mentior.

172 2231 246 2297 Vll.
291 2232 429 2317 Xerxes,
457 2237 494 2299 ut
515 2234 608 2299 audio
614 2282 624 2317 ,
650 2233 820 2298 Persarum
841 2255 897 2297 rex
919 2234 1077 2316 potentis-

70 2335 97 2378 66
110 2319 220 2414 simus,
234 2318 373 2414 ‘pedicas
387 2319 463 2384 ieoit
478 2341 590 2384 aureas
607 2319 642 2383 in
657 2317 870 2415 profundum,
886 2316 1078 2401 Neptunum

109 2424 143 2466 se
164 2401 317 2498 drotrtans
346 2402 478 2488 affigere
506 2405 581 2487 quia
601 2401 751 2467 fluotrbus
773 2401 937 2465 feroerret:
975 2402 1081 2467 stulta

107 2486 163 2549 ille
196 2486 350 2583 laetantia
383 2493 416 2552 et
446 2487 604 2584 saerilega
636 2487 810 2583 uanitate..
834 2489 868 2550 at
895 2486 980 2550 enim
1007 2489 1081 2571 tua,

110 2568 240 2647 Caesar,
271 2569 381 2634 druura
402 2571 607 2654 prou1dent1a
634 2574 667 2635 et
688 2570 812 2636 effioaor
841 2573 890 2635 est
914 2592 971 2634 usa
1000 2591 1079 2634 eon-

178 2724 192 2771 1
210 2723 310 2772 misero
328 2737 469 2773 romanum
486 2724 536 2788 pir.
554 2726 581 2773 Al
599 2722 609 2789 ΙΙ
630 2727 646 2775 3
664 2724 776 2775 effeetus
795 2727 867 2775 edd:
887 2724 1004 2774 affectus
1020 2724 1049 2771 11
1067 2722 1078 2792 ss

103 2792 125 2840 ὀ
142 2790 259 2841 statutis
277 2790 387 2840 uiribus
404 2790 436 2838 w
452 2805 478 2839 m
492 2789 498 2856 Ι
513 2790 610 2841 defixit
627 2788 672 2857 1111
692 2793 708 2841 6
726 2793 898 2856 ingestisque
910 2818 944 2828 -
956 2792 1078 2843 nauibus

109 2875 154 2912 om.
173 2855 350 2922 (timanibus
368 2855 441 2923 Alli)
460 2861 568 2924 iamque
585 2859 731 2909 Liuineius:
749 2865 834 2923 tamq;
852 2859 916 2908 AVI
935 2864 1078 2923 tamquam

107 2926 128 2974 Β
146 2929 164 2974 c
182 2927 204 2974 V
221 2924 231 2990 ΙΙ
249 2928 280 2976 10
297 2939 411 2988 usquam
431 2927 561 2978 Liuineius
580 2925 591 2992 ll
616 2929 646 2976 12
664 2942 800 2977 murorum
818 2940 856 2974 w:
876 2929 996 2977 uirorum
1013 2928 1042 2973 1
1062 2926 1075 2993 ΙΙ

110 2995 143 3042 14
159 2992 292 3042 liberatus
310 2994 328 3039 0
345 2989 355 3057 ΙΙ
377 2994 409 3043 16
428 3009 509 3059 quem
520 2996 566 3044 W:
585 3010 638 3060 que
656 2996 679 3042 A
691 2996 711 3043 Β
723 3009 774 3045 mr
792 3009 861 3058 quae
874 2995 897 3042 V
907 3008 925 3043 ιι
944 3009 995 3059 quo
1015 2996 1077 3048 edd.

111 3056 122 3122 11
139 3060 170 3110 11
183 3074 353 3123 nequaquam
365 3073 404 3110 w:
423 3076 587 3127 quamquem
600 3064 627 3111 11
639 3077 784 3128 numquam
796 3064 854 3115 edd.
870 3061 874 3126 Ι
890 3067 939 3112 tua
950 3063 971 3111 Β
981 3063 998 3110 6
1010 3062 1077 3112 Vw:

108 3130 141 3174 tu
157 3126 180 3175 A
197 3123 207 3190 ll
229 3127 261 3176 19
279 3123 405 3194 receptu]
425 3132 506 3180 malim
523 3145 637 3180 recessu
657 3127 667 3195 ΙΙ
688 3133 721 3180 20
740 3129 911 3194 diffringeret
929 3131 1079 3187 Liuineius:

109 3193 272 3257 refringeret
288 3194 423 3245 Acidaliae
438 3192 450 3261 ΙΙ
466 3199 497 3246 21
516 3192 583 3263 ιιιιο]
603 3202 634 3247 ut
651 3197 674 3246 A
689 3196 694 3261 Ι
710 3198 833 3261 potentia
851 3210 889 3246 w:
908 3198 1030 3262 potentie
1048 3199 1078 3245 Η

111 3255 123 3324 ΙΙ
143 3261 177 3309 24
194 3260 298 3310 Xerxes
316 3263 346 3310 0:
365 3260 466 3313 Xerses
479 3260 528 3327 1111
540 3267 573 3315 16
592 3265 657 3329 quia
668 3266 691 3312 A
703 3264 735 3312 w
744 3264 819 3319 Bert.
831 3278 846 3313 r
859 3261 907 3328 (?):
927 3264 975 3328 qui
992 3264 1012 3312 Β
1024 3264 1046 3311 V
1058 3278 1078 3313 ιι

109 3327 181 3392 quod
198 3342 224 3377 m
238 3325 243 3391 Ι
258 3326 388 3379 ierooiter
398 3329 433 3377 w
447 3329 451 3395 Ι
467 3332 556 3382 stulta
567 3345 594 3380 w
604 3346 635 3382 u:
654 3331 740 3384 stulle
753 3332 775 3380 A
787 3333 807 3381 Β
820 3331 868 3380 Vr
885 3331 972 3381 stulte
990 3330 1079 3382 stulla

108 3408 148 3456 m
166 3412 200 3446 aa
217 3394 307 3445 rulla?
325 3397 361 3460 of.
380 3413 442 3451 mus.
461 3399 540 3450 Iiden.
560 3399 652 3450 XVII
669 3402 726 3460 469,
745 3398 847 3448 XXIV
865 3401 919 3449 331
935 3396 945 3464 ΙΙ
963 3400 996 3449 28
1016 3396 1078 3449 effi·

108 3463 218 3530 6661ςι
238 3461 367 3515 efficacia
386 3463 438 3529 (uel
455 3467 516 3532 die)
534 3468 563 3515 11
