2294 3780
124 172 187 237 302
446 172 508 223 xri.
537 170 671 223 eroum
689 172 769 222 riu.

125 323 265 387 fluminis
294 322 428 387 altitudo
457 324 616 386 remorata
639 321 682 384 sit
702 322 796 404 quin,
828 322 955 384 uteret
981 341 1020 383 ex
1042 320 1096 384 iti-

124 430 201 472 nere
223 408 411 492 longissimo
433 406 567 471 anhelus
589 408 684 489 atque
699 405 884 488 puluerem,
909 425 1005 488 equos
1029 405 1096 469 cal·

125 493 250 557 caribus
273 493 438 574 incitaret,
462 512 589 554 amnem
611 491 717 555 nando
740 489 964 573 coniungeret,
988 489 1094 573 ripam

124 577 284 658 insiliret,'
318 578 446 659 paratos
485 575 620 657 denique
660 576 926 720 expectantesque
957 572 1098 656 depren-

99 662 222 729 sderet.
268 681 371 723 sermo
398 661 459 722 iste
481 659 637 742 prolixior
665 662 713 722 est
741 679 836 741 quam
862 657 919 720 ile
943 678 995 721 res
1016 658 1094 722 fuit.

124 747 179 809 uix
206 745 339 807 fluuium
372 765 486 807 manus
514 744 635 807 inuicta
663 745 848 806 transierat:
892 742 956 805 iam
984 742 1094 805 locum

124 830 201 892 belli
223 827 365 892 tenebat.
409 828 462 891 uix
484 827 609 892 hostem
631 828 814 891 inuenerat:
836 827 902 889 iam
924 825 1095 909 urguebat.

125 916 332 1061 reare
352 909 1095 1082 3?th·dt,taldttllstt‘dsst

87 1108 111 1147 10
126 1082 223 1165 guine
252 1103 308 1144 suo
334 1082 461 1163 turbae,
495 1082 578 1164 tegit
605 1083 689 1144 totos
716 1083 841 1164 strages
868 1101 934 1142 una
962 1099 1096 1163 campos

126 1167 348 1248 continuisque
370 1165 534 1229 funeribus
561 1167 676 1228 cuncta
697 1165 761 1228 late
783 1164 981 1247 operiuntur.
1026 1164 1095 1228 iam

147 1252 179 1313 ui
214 1250 252 1313 ad
281 1271 390 1313 muros
416 1249 591 1313 differenda
625 1253 726 1312 morte
754 1251 1008 1331 properauerant
1037 1252 1096 1312 aut

124 1272 228 1398 passas
252 1334 456 1398 cadaueribus
480 1334 662 1416 aequabant
686 1336 742 1397 aut
764 1332 867 1397 obuiis
889 1330 1021 1396 sudibus
1043 1335 1094 1396 in·

126 1418 306 1482 duebantur
339 1423 394 1482 aut
421 1421 528 1501 portas
562 1439 638 1500 quas
671 1418 838 1500 eruptione
870 1416 1096 1499 patefecerant

88 1525 112 1565 1⁵
126 1508 227 1567 morte
262 1504 463 1569 claudebant.
508 1505 542 1565 at
569 1523 704 1585 quorum
734 1523 767 1565 se
794 1501 890 1585 fugae
917 1501 1095 1584 imperuius

125 1588 204 1669 ripis
232 1588 333 1651 amnis
361 1586 494 1668 obiecit,
525 1586 714 1669 trepidando
742 1585 867 1650 collecti
895 1588 928 1648 et
955 1586 1094 1650 alterum

127 1672 258 1819 lter?
281 1670 1097 1820 ttdtldttbttltdltttllat“tt

128 1840 277 1901 eructatis
311 1840 518 1904 cadaueribus
552 1839 673 1902 euoluit
701 1842 798 1922 utque
829 1860 863 1925 se
895 1837 956 1901 tibi
983 1842 1096 1920 posset

64 1945 113 1984 ·20
127 1922 260 2004 speciali
287 1922 443 2005 imputare
472 1923 603 2002 militia,
638 1923 743 2005 ipsum
771 1923 863 1987 illum
889 1921 1094 1985 uexillarium

127 2005 300 2091 sacrilegae
331 2007 481 2071 factionis
513 2007 614 2070 auidis
643 2008 826 2091 gurgitibus
858 2006 1021 2070 absorbuit
1050 2010 1095 2090 et,

128 2113 168 2154 ne
192 2092 287 2155 morti
315 2094 479 2174 sepultura
501 2093 721 2176 contingeret,
751 2092 886 2156 cadauer
913 2090 1093 2156 abscondit.

127 2197 235 2239 nonne
250 2180 382 2259 utroque
403 2177 578 2241 credendus
591 2180 666 2240 tuae
689 2176 847 2240 studuisse
864 2175 1038 2260 uindictae,
1062 2179 1097 2240 et

128 2260 307 2324 adiuuando
330 2261 498 2325 uictoriam
522 2265 554 2324 et
575 2260 761 2344 occupando
783 2259 1008 2325 clementiam?

89 2365 115 2406 as
192 2342 325 2409 XXXV.
380 2345 432 2409 En
465 2346 525 2408 tibi
558 2346 691 2410 alteram
742 2366 863 2429 ugnem
896 2345 1095 2428 alteramque

127 2428 304 2493 uictoriam.
334 2429 465 2493 dilectas
487 2431 522 2493 in
544 2430 698 2512 proelium
753 2429 923 2493 arcellinus
946 2429 1093 2493 cohortes

128 2515 160 2574 et
186 2512 290 2595 ipsum
318 2513 470 2578 factionis
504 2515 646 2578 nefariae
669 2514 770 2577 'robur
798 2514 854 2578 illa
881 2512 957 2577 belli
989 2513 1094 2578 ciuilis

127 2595 279 2678 Megaera
299 2599 452 2681 rapiebat,
475 2601 566 2662 tanto
583 2598 695 2662 ceteris
716 2598 908 2663 satellitibus
925 2597 1096 2662 audentior

127 2682 247 2762 quanto
276 2681 463 2744 exertiorem
493 2703 621 2765 operam
654 2684 797 2748 nauabat
824 2685 965 2766 tyranno
994 2682 1096 2746 frater

89 2785 114 2826 eo
128 2765 266 2847 tyranni.
312 2786 373 2847 quo
402 2765 528 2848 quidem
555 2769 693 2831 maxime
715 2771 790 2831 tuus
816 2766 977 2850 gaudebat
1005 2787 1093 2830 exer-

129 2849 224 2934 citus,
248 2871 318 2913 cum
341 2871 375 2913 se
396 2850 481 2914 ultro
503 2850 626 2915 uideret
648 2851 769 2916 lacessi.
807 2851 861 2934 qui
883 2850 965 2914 nihil
986 2851 1095 2935 magis

127 2934 277 2999 timuerat
304 2955 398 3017 quam
426 2935 546 3017 timeri,
582 2936 660 3000 adeo
689 2937 816 3020 quidem
849 2938 885 2998 ut
913 2935 1025 2999 castris
1053 2936 1094 2998 ad

198 3157 209 3203 1
230 3156 265 3204 sit
284 3157 356 3205 cdd:
375 3156 430 3205 sint
441 3159 469 3204 Η
484 3155 488 3221 ί
505 3173 539 3207 ex
556 3157 715 3221 longissimo
733 3158 831 3207 itinere
849 3157 977 3207 ΜΠ]
989 3153 1028 3221 ΙΙ4
1046 3173 1096 3221 pu·

128 3227 203 3273 ratos
221 3222 243 3272 A
262 3222 492 3287 ldeprehenderet
509 3226 595 3273 Bcv
606 3226 638 3273 W
659 3222 668 3289 ΙΙ
691 3228 706 3276 5
724 3225 778 3276 fuir
796 3227 942 3276 Acidaliae:
964 3224 1049 3275 fuerit
1066 3225 1095 3272 ΙΙ

130 3289 140 3358 ;l
165 3293 181 3340 8
200 3289 320 3340 debitore
337 3290 408 3339 belle
427 3294 449 3339 A
466 3291 585 3344 debitore
604 3292 671 3342 belli
688 3294 782 3356 ΒΗ,
803 3310 870 3345 corr.
889 3306 913 3341 w
936 3289 946 3356 ΙΙ
972 3294 1003 3342 10
1022 3297 1094 3342 stra·

146 3361 170 3408 is
188 3361 211 3406 A
228 3356 238 3423 ll
258 3360 288 3408 15
305 3359 453 3422 imperinm
471 3360 494 3410 A
510 3357 520 3425 ΙΙ
543 3363 574 3410 19
591 3361 720 3411 eluctatis
738 3363 774 3423 H,
792 3378 861 3412 corr.
882 3361 1095 3423 Eyssenhardtae

128 3375 144 3491 l
161 3429 194 3477 20
212 3426 373 3477 uexillarum
390 3425 443 3475 AB
458 3429 508 3476 (lv
524 3425 534 3491 ll
554 3430 587 3478 22
605 3429 685 3478 morti
703 3428 795 3493 Casa:
812 3429 907 3480 mortis
919 3428 946 3476 1
963 3425 973 3492 ll
993 3428 1027 3477 26
1046 3426 1093 3476 de-

128 3494 215 3544 lectas
233 3496 260 3541 lt
279 3494 382 3546 deletas
400 3509 425 3542 w
446 3492 455 3560 Η
477 3497 509 3545 29
527 3497 693 3547 exerciorem
709 3499 746 3563 Η,
767 3497 962 3547 execrationem·
978 3508 1002 3543 w
