2294 3780
70 153 134 219 324
286 152 464 207 ΑΒΒΕΝΒΔ
481 100 564 206 UEL!
575 152 822 205 CORRIGENDA.

139 324 166 374 p.
182 310 241 368 108,
261 309 292 359 10
310 304 417 358 latetne
436 307 465 357 in
483 304 529 356 ‘n'e
548 311 682 372 uterque’‚
701 305 773 372 quod
785 307 808 355 A
820 304 913 365 habet,
933 308 1047 356 ‘neuter

90 376 119 426 ui
160 377 204 427 e’?
519 408 522 416 -

72 392 88 441 q
121 392 167 508 βξ.
186 444 244 506 148,
262 444 295 493 31
313 442 453 507 Hauptius
471 457 521 507 pro
541 443 601 491 onit
619 441 695 491 ‘olim
714 440 788 490 culta
804 445 883 491 ueste
903 443 949 490 et’.

139 528 164 577 p.
185 512 246 573 148,
266 512 282 561 8
300 524 360 574 sqq.
379 509 473 560 uerbis
492 508 531 559 ‘di
551 510 574 572 i,
597 507 701 560 Caesar
717 509 833 569 inuicta,
856 523 942 572 prope
961 507 1044 573 plura

72 592 151 643 quam
164 579 252 643 potui,
269 576 318 627 aad
330 576 464 641 pauciora
477 591 558 641 quam
570 576 664 628 debui’
677 581 753 627 reate
767 575 887 627 offensus
899 575 1044 639 Hauptius

71 645 193 696 coniecit
212 644 308 710 ‘plura
325 657 406 708 quam
423 642 505 693 debui
528 643 576 695 aad
594 645 724 708 pauciora
745 658 826 708 quam
844 642 937 708 potui’
957 643 1043 693 nimis

24 772 27 777 1
70 712 195 763 uiolenta
216 710 346 762 remedio.
379 710 494 761 emendo
513 711 610 776 ‘plura
629 724 710 776 quam
728 710 815 773 uolui,
840 709 888 760 sad
906 711 1043 774 pauciora

72 795 155 845 quam
172 779 277 829 debui’.

72 917 83 962 t
138 846 281 961 pplqlssb
303 845 445 910 Hauptius
468 844 627 896 emendauit
650 849 684 895 ‘a
706 846 792 910 primo
814 844 899 910 igitur
922 844 1042 908 originis

85 929 137 964 uae
167 927 270 964 imme.
369 924 389 961 ’.

137 996 163 1044 p.
182 982 245 1045 172,
263 983 297 1032 30
318 979 437 1031 fortasse
463 995 497 1030 ex
520 981 657 1045 scriptura
679 979 745 1031 libri
762 980 785 1028 A
803 980 863 1045 ‘qui
881 994 905 1029 e.
924 982 964 1028 te’
991 977 1043 1028 eli-

71 1047 198 1099 ciendum
217 1051 259 1098 est
277 1049 371 1114 ‘quine
389 1052 437 1104 ω’,

137 1131 163 1180 p.
185 1117 243 1180 188,
261 1117 295 1166 24
312 1117 416 1166 rectius
434 1115 653 1180 interpungiiur‚
672 1119 703 1164 ut
721 1113 862 1178 Hauptiua
881 1113 964 1177 uidit,
984 1115 1041 1164 ita:

71 1183 147 1233 dicet
166 1183 269 1249 aliquis
288 1187 394 1234 ‘uetera
412 1184 492 1246 iata’;
511 1188 589 1244 sunt,
609 1188 636 1232 et
654 1180 764 1246 quidem
783 1195 840 1246 equ.

136 1267 163 1316 p.
187 1252 249 1313 188,
273 1252 307 1301 24
329 1250 471 1315 Hauptius
494 1251 639 1315 proposuit
662 1255 724 1298 ‘uer
748 1247 835 1310 elicit,
859 1265 920 1299 rore
944 1254 1041 1300 aestas

69 1318 188 1383 solidat,
210 1318 303 1368 calore
321 1322 451 1368 maturat’
470 1332 526 1368 non
544 1317 686 1368 rectei110
705 1321 766 1366 ‘uer
783 1315 868 1365 elicit'
892 1322 949 1366 tam
967 1316 1042 1366 nude

69 1387 169 1450 posito.
202 1400 291 1436 meum
309 1401 364 1436 non
382 1389 464 1435 mutu.
1026 1405 1028 1408 ·

82 1458 88 1476 ²
137 1469 163 1516 p.
183 1455 246 1516 204,
266 1455 281 1503 7
299 1453 406 1503 conieci
425 1452 471 1503 ‘ad
490 1457 539 1502 tua
555 1451 660 1502 uexilla
677 1451 834 1504 transisse’.

136 1536 161 1584 p.
185 1521 249 1583 232,
273 1520 305 1569 26
332 1520 472 1585 Hauptius
501 1520 638 1570 ‘aeternis
664 1518 754 1568 titulis
781 1520 1039 1583 monumentisque'

69 1592 178 1651 praeter
195 1587 391 1638 necessitatem
409 1589 535 1639 mutauit.

138 1670 164 1718 p.
183 1656 242 1711 259.
261 1656 294 1706 23
311 1655 382 1704 idem
400 1654 491 1705 ‘decet
509 1654 656 1705 recordari’
676 1653 788 1704 mauult.
813 1653 928 1704 ‘taedet’
947 1669 1039 1703 meum

69 1724 158 1773 teneo.

137 1804 162 1853 p.
180 1790 246 1849 294,
264 1789 298 1838 26
320 1788 392 1837 idem
410 1793 518 1838 ‘aurum
535 1792 721 1839 matronarum
739 1787 851 1838 auribus
871 1792 1038 1837 extractum’

69 1855 198 1904 correxit.
233 1853 284 1904 aed
302 1869 357 1904 non
375 1854 463 1903 solum
481 1856 515 1904 de
534 1856 692 1916 inauribus,
720 1855 870 1906 sedetiam
888 1853 1041 1905 monilibus

71 1924 98 1970 et
117 1921 232 1971 armillis
250 1924 279 1971 et
297 1935 485 1986 quaecumque
505 1934 590 1972 aurea
603 1923 752 1987 gestabant
769 1921 896 1973 mulieres
913 1922 1041 1987 cogitan-

69 1987 204 2108 ἱὶιιὲιῖιθθετ.
223 2015 255 2023 -
278 1988 310 2039 de
330 1987 468 2051 ‘artibus’‚
488 1988 560 2054 quod
578 1993 670 2054 teneo,
689 1990 725 2040 cf.
744 1991 857 2052 Neuius,
877 1989 926 2038 lat.
947 1990 1041 2041 Form.

136 2139 162 2188 p.
181 2125 239 2186 312,
258 2125 289 2175 13
307 2124 480 2189 ‘genuinam’
499 2125 640 2190 Hauptius
659 2139 766 2190 quoque
786 2123 951 2175 emendauit.

517 382 520 393 1

519 398 522 405 ι
