2294 3780
107 145 170 210 231
432 149 466 201 x,
497 148 742 201 1111111111.

107 319 195 361 serae
218 296 382 360 timiditati
410 318 459 360 res
484 297 691 379 ostentanda,
722 298 757 361 fu
782 319 800 361 a
822 319 904 381 quae
926 297 1074 362 habuerit

106 382 305 465 dignitatem.
356 381 426 464 ipsa
461 383 567 444 autem
594 379 726 445 Uerona
758 319 847 445 darta
879 382 1073 447 immanibus

108 467 221 548 copiis,
259 486 338 548 quas
371 465 406 527 in
435 486 534 527 unum
568 465 725 529 aduentus
752 466 800 529 tui
828 465 965 530 formido
1000 488 1073 531 con·

106 550 255 626 duxerat,
280 570 350 612 cum
373 546 542 613 multorum
566 549 630 612 iam
648 549 753 614 clades
776 550 965 632 accepisset,
988 550 1076 615 facta

81 638 156 697 sest
186 653 356 715 parumper
389 635 476 695 metu
504 635 642 711 cautior,
680 656 746 697 non
778 634 902 698 ratione
930 635 1073 699 felicior:

106 717 206 779 muris
233 738 266 780 se
295 715 334 778 ab
356 716 478 798 impetu
500 717 684 781 uindicauit.
731 717 842 781 aderat
867 718 985 782 ibidem
1008 717 1075 783 Ru-

106 801 213 883 ricius,
237 799 530 883 experientissimus
546 801 622 865 belli
644 805 675 865 et
696 802 934 884 tyrannicorum
958 803 1075 866 ducum

106 885 263 949 columen.
297 905 355 967 per
375 887 445 948 tota
466 886 592 949 moenia
614 885 782 949 admodum
804 907 924 970 magna
946 887 995 950 uis
1018 887 1075 950 ho·
1109 918 1110 922 ¹

106 969 244 1052 minum3
273 968 328 1032 sed
350 969 433 1051 apud
456 967 597 1032 Brixiam
624 969 768 1053 plerique
795 970 859 1033 iarn
886 970 992 1034 fracti.
1037 975 1076 1035 ut

69 1071 95 1110 10
107 1053 143 1116 in
160 1073 291 1135 corpore
314 1074 386 1116 cum
401 1052 507 1135 aliqua
521 1075 596 1135 pars
619 1074 716 1137 aegra
731 1057 788 1134 est,
811 1052 953 1118 ualitudo
969 1054 1076 1118 omnis

109 1137 321 1201 contaminari
344 1136 440 1200 solet:
463 1137 508 1200 sic
530 1137 617 1200 illius
631 1136 846 1201 multitudinis
860 1139 966 1221 portio
987 1139 1076 1202 malo

81 1228 83 1232 '
107 1221 221 1285 affecta
243 1224 346 1285 totum
367 1223 403 1285 in
426 1220 599 1284 exercitum
619 1221 744 1285 timoris
775 1222 960 1305 contagium
982 1222 1076 1286 dissi·

106 1309 208 1389 parat.
254 1327 349 1388 quam
377 1304 487 1372 faciles
510 1305 619 1388 lapsus
646 1305 814 1369 infirmitas
841 1306 972 1388 habeat,
1002 1327 1076 1370 cum

108 1411 177 1454 eam
206 1390 431 1472 intempestiua
458 1389 559 1452 mouit
586 1390 732 1471 audacia,
762 1411 834 1453 cum
863 1410 957 1473 saepe
984 1390 1077 1471 alias,

69 1489 96 1530 15
108 1479 176 1538 tum
199 1473 335 1537 maxime
357 1473 393 1537 in
407 1473 464 1536 illa
484 1473 647 1536 obsidione
662 1495 735 1556 pers
760 1481 866 1538 ectum
885 1481 943 1537 est.
975 1474 1076 1538 clausi

108 1559 150 1621 im
177 1562 263 1622 etum
278 1558 402 1622 faciunt
422 1560 454 1620 et
469 1557 523 1640 qui
538 1579 571 1620 se
587 1497 780 1640 aliquamdiu
795 1558 922 1622 latendo
938 1580 956 1621 a
971 1563 1076 1622 morte

108 1581 328 1723 deidnderant,
350 1642 436 1705 facta
451 1642 618 1725 pugnandi
634 1643 736 1725 copia,
760 1664 878 1725 poenas
897 1644 1076 1726 eruptionis

107 1726 297 1790 temerariae
327 1725 557 1808 pependerunt.
601 1725 748 1809 idemque
779 1725 928 1790 Ruricius
956 1747 1077 1811 magna

108 1831 238 1872 suorum
261 1809 348 1872 clade
371 1809 507 1873 reiectus
530 1810 564 1872 in
579 1811 717 1892 moenia,
740 1833 796 1894 spe
818 1811 882 1874 iam
899 1810 994 1893 lassa,
1019 1811 1077 1875 sed

69 1908 95 1949 10
110 1893 213 1956 adhuc
246 1895 352 1955 mente
385 1913 504 1955 uesana
537 1914 609 1957 cum
637 1916 670 1958 se
692 1893 822 1959 Uerona
852 1895 1075 1978 proripuisset,

108 1998 210 2041 nouos
234 1975 344 2040 eodem
365 1976 431 2061 egit
453 1978 609 2042 exercitus
631 1983 663 2042 et
686 1979 916 2062 praecipitante
937 1981 1003 2043 iarn
1024 1980 1077 2044 die

108 2060 229 2124 bellum
250 2082 315 2124 non
335 2060 536 2145 detractauit,
557 2084 687 2148 pugnae
704 2062 828 2128 auidior
841 2087 937 2149 quam
953 2064 1076 2130 salutis.

108 2145 164 2210 sed
187 2168 259 2210 eum
282 2145 384 2210 exitus
406 2147 508 2231 magis
531 2169 627 2231 quam
648 2149 762 2212 merita
777 2148 971 2213 fefellerunt.
998 2171 1078 2213 nam

108 2231 250 2294 furorem
278 2253 362 2296 mors
389 2232 514 2296 demum
543 2232 680 2316 domuit,
711 2255 805 2317 quem
833 2254 900 2297 non
927 2236 1079 2316 potuerat

70 2329 96 2371 2⁵
109 2337 169 2380 neo
192 2315 384 2381 considerati
406 2319 489 2382 ratio
512 2338 571 2381 nec
594 2318 671 2381 uicti
692 2317 829 2381 formido
852 2339 975 2381 sanare.
1112 2332 1115 2337 ·

166 2399 286 2466 XXVI.
306 2400 332 2464 Ο
349 2423 412 2464 nox
426 2401 483 2465 illa
498 2402 635 2465 aeternis
648 2402 781 2465 saeculis
796 2402 1078 2484 monumentisque

109 2484 306 2548 mandanda!
324 2506 395 2548 cum
407 2485 518 2569 spissis
526 2485 667 2549 tenebris
677 2486 795 2569 quippe
808 2507 983 2570 congressu
992 2486 1079 2566 facto

178 2723 190 2769 1
211 2720 321 2770 timidit.
341 2721 456 2771 miserae
474 2724 492 2769 (1
512 2719 523 2785 ll
544 2725 558 2770 2
578 2722 650 2771 farta
669 2739 729 2785 epo:
747 2723 821 2774 ferta
839 2722 926 2785 (freta
944 2721 971 2786 0)
989 2723 1016 2771 u
1035 2739 1079 2773 re-

108 2789 183 2838 ferta
203 2799 226 2836 w
255 2785 265 2854 {l
295 2789 473 2838 buindicant
490 2790 529 2851 u,
548 2793 655 2839 correxi
681 2789 685 2853 Ι
712 2791 810 2839 aderat
829 2791 938 2854 quidem
957 2791 1020 2840 Rur.
1038 2793 1077 2853 Η,

106 2857 216 2908 correxi
243 2854 253 2920 ΙΙ
284 2857 298 2904 'l
321 2856 563 2920 experientissimi
581 2857 644 2905 AV
673 2854 684 2921 ΙΙ
713 2859 729 2907 8
753 2856 893 2906 admodum
912 2859 1022 2907 moenia
1039 2859 1078 2916 1,

108 2926 257 2987 transposui
279 2920 289 2987 ΙΙ
319 2922 654 2974 accumularemus
681 2922 692 2988 ΙΙ
722 2927 752 2973 12
771 2926 799 2974 in
818 2927 966 2975 Acidaliae:
984 2941 1032 2974 om.
1050 2926 1079 2974 11

110 2988 114 3055 Ι
135 2991 264 3053 contagio
282 3003 307 3037 w
328 2988 338 3055 ΙΙ
361 2993 392 3040 13
410 2990 512 3041 habeat
529 2993 678 3042 Acidaliae:
696 2991 782 3040 habet
798 2992 825 3039 u
842 2992 957 3043 baberet
974 2991 1051 3042 Bert.
1070 2990 1080 3057 ll

110 3061 142 3107 14
159 3062 252 3107 mouet
269 3055 344 3108 Bert.
361 3055 372 3122 ll
394 3059 425 3107 17
444 3061 526 3122 eopia
538 3057 629 3111 Bcrt:
650 3074 735 3108 eausa
752 3055 807 3122 1111
830 3061 861 3108 19
880 3059 928 3108 sed
947 3060 1079 3123 Lanpiua:

108 3129 138 3175 et
154 3127 181 3172 Ι
210 3121 220 3188 {l
250 3126 283 3174 20
300 3124 437 3174 Ueronam
455 3127 494 3182 1,
513 3127 730 3176 ambiebatur
758 3123 769 3189 ΙΙ
798 3123 1046 3191 alegit100gite
1071 3125 1081 3190 ll

108 3192 240 3240 14101111
258 3190 440 3257 domuitcpc:
468 3193 571 3243 demuit
588 3194 608 3241 B
627 3194 644 3241 0
663 3194 685 3241 V
702 3192 735 3240 W
752 3193 856 3243 domuit
873 3193 896 3241 A
913 3195 973 3243 edd.
1005 3191 1015 3257 l
1045 3196 1080 3245 25

109 3258 289 3319 considerat13
316 3260 397 3309 malim
421 3260 592 3310 confederati
620 3257 631 3325 ll
660 3262 693 3311 26
715 3259 738 3309 0
760 3259 854 3309 uoxA
882 3258 892 3325 11
922 3263 954 3310 17
978 3261 1080 3326 spissis

108 3328 185 3377 edd:
219 3326 278 3390 spis
305 3325 328 3373 A
353 3334 378 3376 et
403 3328 437 3375 W
464 3345 518 3378 eum
543 3330 615 3392 sipnc
643 3331 818 3390 corruptelae,
849 3328 966 3391 spiculis
993 3328 1081 3392 Bari„

109 3394 190 3459 epiris
207 3394 227 3441 B
246 3395 263 3440 0
281 3394 304 3441 V
319 3393 323 3458 Ι
339 3395 460 3445 tenebris
479 3396 579 3460 quippe
599 3410 660 3460 epo.-
679 3395 852 3458 tenebrisque
869 3397 897 3442 Η
913 3395 917 3459 Ι
936 3395 1014 3446 lacto
1034 3399 1080 3447 ad-

108 3463 289 3512 1111110111]
