2294 3780
111 157 172 220 190
309 158 386 213 VIII.
415 158 566 209 INCERTI
586 156 752 209 GRATIAR.
772 157 880 209 ACTIO

109 309 184 455 quia
206 308 313 373 uicino
335 311 478 390 tempore
500 308 617 371 fertur:
644 306 839 370 exonerandi
861 309 1081 392 praesumptIo

131 395 164 456 ot
186 393 376 476 patientiam
399 391 588 455 sustinendi.
637 395 722 455 certe
744 393 776 454 et
797 413 884 455 nunc
906 390 999 456 liberi
1022 415 1082 476 pa·

108 480 214 540 rentes
237 498 310 540 suos
340 477 477 540 cariores
499 474 620 540 habent
648 480 681 540 et
702 475 811 539 mariti
833 477 985 561 coniuges
1011 499 1081 541 non

149 565 242 625 aucte
264 564 397 624 tuentur
419 565 451 623 et
472 564 622 643 parentes
646 561 825 624 adultorum
847 582 914 624 non
936 562 1082 644 poenitet

83 668 95 706 5
131 646 264 727 liorum,
294 665 429 727 quorum
452 666 551 708 onera
577 645 640 709 sibi
661 645 794 709 remissa
815 645 988 709 laetantur.
1033 648 1082 711 lta

108 730 250 793 omnium
272 730 375 812 pietas
398 729 475 793 olim
497 729 583 793 fessa
605 730 743 813 respirat
769 732 802 794 et
823 751 897 793 suos
920 751 1081 814 quemque

108 813 197 877 iuuat
224 835 393 877 numerare
421 835 581 896 securum,
613 813 814 897 cumplures
841 814 997 879 adiuuant
1024 815 1081 880 ob

109 898 219 980 sequia
247 919 431 980 paucorum.
477 920 539 981 quo
572 898 677 983 magis
708 920 765 982 spe
796 898 896 962 futuri
924 901 1080 982 temporis

108 982 279 1048 eleuamur.
316 985 480 1047 recreatur
501 984 626 1047 animus
650 985 820 1046 securitate
842 984 1009 1066 praeteriti
1029 1005 1080 1048 re·

70 1089 95 1128 ιο
109 1066 277 1150 missisque
304 1067 434 1149 reliquis
463 1067 545 1131 nihil
574 1071 623 1131 est
655 1068 740 1150 quod
768 1067 1012 1151 respectandum
1040 1069 1081 1132 ti-

108 1152 321 1235 mendumque
349 1152 405 1234 sit,
435 1152 520 1235 quod
548 1152 666 1235 aliquid
688 1152 806 1215 uirium
833 1153 978 1216 uenturis
1000 1174 1082 1235 pen·

109 1235 315 1300 sitationibus
338 1239 445 1319 neget.
473 1237 519 1300 ita
538 1237 672 1300 duorum
686 1239 874 1320 temporum,
898 1258 979 1320 quae
1002 1241 1082 1302 sunt

107 1322 260 1400 maxima,
293 1321 440 1385 molestia
466 1322 594 1385 liberati
624 1343 750 1385 sumus:
792 1343 893 1384 uuum
922 1325 1018 1405 atque
1044 1322 1080 1385 id

107 1406 274 1469 minimum
298 1407 388 1469 breui
410 1407 518 1470 labore
540 1407 761 1489 transigimus.
794 1427 870 1469 nam
893 1427 965 1469 cum
987 1428 1080 1489 prae·

70 1511 95 1550 rs
108 1491 239 1553 teritum
255 1493 380 1573 tempus
395 1512 454 1574 pro
469 1491 563 1554 modo
579 1512 636 1554 suo
647 1491 789 1574 longum,
812 1489 956 1552 futurum
971 1494 1080 1554 autem

107 1574 269 1637 infinitum
293 1576 349 1656 slt,
373 1596 526 1657 praesens
550 1575 699 1659 [tempus]
724 1574 819 1637 breue
842 1576 874 1638 et
896 1596 1022 1657 semper
1043 1575 1079 1638 in

108 1663 233 1741 partem
255 1663 422 1740 utramque
444 1659 611 1741 mutabile,
639 1681 710 1723 cum
733 1663 765 1723 et
787 1660 960 1742 praeterito
982 1659 1080 1724 relin-

108 1746 224 1824 quatur
246 1746 278 1805 et
292 1745 437 1806 transcat
455 1743 663 1807 infuturum:
687 1765 769 1806 unus
784 1743 836 1806 hic
860 1765 963 1807 annus
978 1765 1079 1827 prope

109 1846 237 1888 sensum
258 1826 438 1890 nonhabet
453 1826 652 1890 difficultatis
675 1827 809 1890 duorum
827 1831 1009 1911 temporum
1031 1829 1079 1891 in-

70 1931 95 1971 eo
109 1909 283 1992 dulgentiis
299 1913 461 1974 coartatus
485 1917 516 1974 et
531 1911 623 1994 quasi
637 1912 794 1976 terminus
809 1912 938 1995 quidam
953 1913 1078 1996 positus

107 1993 257 2058 felicitati
279 1995 314 2057 in
328 1998 497 2079 utrumque
519 1996 648 2078 confini,
671 2018 751 2080 quae
773 2018 833 2060 nos
856 2000 888 2060 et
903 1998 1079 2080 praeterito

108 2077 224 2142 liberos
246 2079 327 2143 facit
349 2083 381 2143 et
403 2081 438 2145 in
459 2081 566 2144 futuro
589 2101 728 2145 securos.

193 2163 283 2228 XIII.
312 2164 459 2249 Quinque
481 2188 638 2230 annorum
660 2166 755 2230 nobis
770 2166 891 2249 reliqua
910 2167 1076 2230 remisisti!

108 2269 127 2311 o
149 2249 286 2313 lustrum
315 2251 461 2314 omnibus
484 2251 592 2315 lustris
614 2251 754 2314 felicius!
793 2272 811 2313 o
834 2252 969 2315 lustrum
992 2251 1077 2334 quod

70 2352 95 2393 25
108 2335 223 2397 merito
238 2333 322 2398 hanc
338 2335 464 2419 imperii
478 2336 526 2398 tui
547 2335 697 2418 aequauit
712 2337 866 2398 aetatem!
889 2335 982 2398 nobis
998 2356 1077 2418 ergo

107 2419 276 2501 praecipue
310 2423 342 2482 te
375 2420 554 2503 principem
591 2420 622 2482 di
655 2420 841 2483 munificum
879 2423 1078 2503 creauerunt,

108 2502 222 2582 quibus
252 2503 388 2585 singulis
415 2503 493 2566 haec
522 2506 571 2566 est
597 2507 675 2566 nata
702 2503 854 2587 felicitas,
886 2525 925 2567 ex
950 2525 1013 2587 quo
1040 2507 1078 2567 tu

107 2584 266 2667 imperare
289 2587 432 2669 coepisti.
468 2586 717 2670 quinquennalia
738 2592 794 2652 tua
815 2588 918 2668 nobis,
942 2589 1077 2652 setiam

108 2757 310 2765 -——--—

178 2861 191 2907 1
215 2858 306 2909 uicino
324 2862 447 2922 tempore
466 2858 553 2908 fertur
577 2856 628 2921 (ael
646 2857 760 2922 feretur)
784 2863 879 2925 scripsi
896 2865 911 2915 l.
930 2864 946 2911 i.
962 2878 990 2926 p.
1010 2864 1078 2911 221.-

107 2925 198 2975 uicino
216 2941 295 2976 nemo
313 2926 469 2990 praefertur
486 2925 561 2979 Bert.
580 2927 674 2976 uicino
691 2927 828 2991 perfertur
845 2931 873 2977 u
902 2925 912 2992 ΙΙ
942 2930 958 2979 5
976 2925 1076 2996 onera]

107 2992 191 3041 huera
208 2994 239 3044 Δ.
268 3010 301 3042 aa
322 2996 452 3043 munere?
476 2991 486 3058 ΙΙ
512 2995 544 3044 10
562 2994 633 3058 quod
651 2996 831 3058 spectandum
849 2997 882 3042 W
906 2992 916 3060 ΙΙ
941 2997 973 3045 12
991 3003 1078 3062 neget

107 3060 254 3110 Liuineius:
277 3065 359 3110 necet
376 3061 402 3108 tt
432 3058 442 3126 ll
472 3062 504 3110 16
526 3065 890 3126 temperamentumque
914 3065 918 3125 Ι
940 3063 969 3112 in
988 3081 1034 3114 om.
1054 3065 1078 3112 A

110 3126 121 3192 ll
154 3129 186 3177 17
205 3131 233 3176 et
251 3143 267 3177 a
285 3129 435 3193 praetentio
453 3131 511 3178 edd.
541 3127 551 3194 ΙΙ
582 3132 614 3180 19
636 3129 809 3182 difficultatis
827 3133 901 3182 edri:
924 3129 1077 3182 difficultas

106 3197 134 3243 Ι
163 3193 173 3259 ΙΙ
203 3197 236 3245 20
259 3200 400 3263 coartatur
417 3198 450 3244 W
479 3194 488 3261 ΙΙ
518 3200 549 3247 21
574 3199 604 3247 in
626 3202 771 3263 utrumque
795 3198 897 3249 confini
913 3201 1023 3263 scripsi:
1047 3205 1077 3249 et

107 3267 250 3327 utrumque
268 3262 377 3344 contuli
394 3265 422 3311 Μ
446 3263 451 3328 Ι
464 3267 566 3345 uosA
594 3264 666 3347 [²⁶
686 3265 840 3316 munificum
857 3269 965 3331 scripsi:
988 3269 1077 3317 numi-

106 3363 171 3398 num
182 3347 265 3411 Bert.,
285 3363 348 3398 num
367 3347 418 3414 (uei
435 3352 502 3399 nuiu
519 3353 561 3400 uei
577 3349 656 3413 noui)
674 3349 696 3399 A
714 3366 759 3403 om.
774 3354 794 3401 B
812 3354 838 3401 in
850 3354 899 3402 iac.
914 3355 938 3415 6,
954 3352 1014 3401 Vin
1026 3355 1076 3401 lac.

107 3420 124 3468 i
142 3419 198 3481 litt,
218 3417 245 3481 (l,
269 3417 358 3467 nostri
375 3432 399 3465 w
417 3417 585 3469 immortales
603 3419 735 3468 Liuineius
755 3416 765 3483 ΙΙ
786 3421 819 3469 27
837 3418 985 3484 singularis
1004 3419 1076 3469 hacc

64 3502 68 3507 ·
107 3486 241 3536 Acidaliae
264 3483 275 3551 l
298 3487 331 3536 28
350 3490 392 3536 set
410 3487 466 3536 iem
482 3487 589 3552 scripsi:
609 3486 692 3536 etiam
709 3487 736 3533 Μ
