2294 3780
250 198 506 251 CONS'I'ANTINO
524 198 697 251 AUGUSTO
716 200 749 249 D.
768 200 876 249 34-36.
984 198 1045 261 241,

77 348 217 430 exultat,
239 369 305 411 non
328 348 452 411 abiecta
473 346 624 431 languide
646 348 744 430 iacet,
768 347 823 411 sed
846 348 889 411 sic
912 347 1046 411 assiduis

76 432 182 497 diuini
207 432 313 516 prinei
336 432 364 495 is
391 432 522 495 monitis
544 434 721 514 temperata
749 436 799 495 est
825 437 875 514 ut,
905 452 976 495 cum
1006 432 1044 495 ad

75 521 195 581 nutum
222 517 288 580 eius
310 454 460 580 leubilis
490 519 522 580 et
543 520 655 579 tenera
677 516 824 595 ducatur,
853 517 1045 601 morigeram

76 622 115 665 sa
135 622 203 665 non
223 601 339 665 terrori
361 600 428 664 eius
451 602 617 683 praebeat,
641 601 695 664 sed
716 601 921 685 benignitati.
950 602 1046 684 placi-

77 686 154 749 dum
167 685 286 769 quippe
307 706 414 749 rerum
433 686 572 768 quietem
595 688 628 748 et
641 685 836 768 profundum
859 686 930 749 urbi
947 686 1073 749 otiums

76 774 193 867 gentes
215 770 410 853 perdomitae
436 769 654 833 condiderunt.
699 773 793 834 rraoat
813 770 1047 834 remissioribus

78 854 198 917 ammis
233 853 466 918 delectamenta
503 854 592 936 pacis
632 854 792 918 adhibere.
843 855 1048 919 celeberrima

76 959 225 1022 quaeque
247 938 335 1002 urbis
357 939 451 1001 nouis
474 938 621 1021 operibus
644 938 840 1023 enitescunt;
874 962 936 1003 nec
958 940 1048 1003 obso-

76 1024 147 1087 leta
162 1022 255 1086 modo
271 1044 328 1106 per
342 1026 537 1086 uetustatem
552 1022 695 1086 rediuiua
716 1024 803 1086 cultu
818 1024 1046 1106 insigniuntur,

77 1105 137 1171 sed
162 1106 218 1171 ille
243 1107 313 1189 ipsa
339 1128 421 1189 quae
449 1109 586 1171 antehac
613 1107 931 1191 magnificentissima
956 1111 1047 1190 puta·
1063 1130 1087 1167 a

77 1192 200 1255 bantur
220 1212 307 1255 nune
329 1191 398 1255 auri
421 1192 490 1255 luce
508 1192 668 1275 fulgentia
690 1192 871 1255 indecoram
893 1192 1047 1255 maiorum

77 1276 309 1360 parsimoniam
330 1276 549 1359 prodiderunt.
595 1277 678 1339 circo
701 1276 763 1358 ipsi
792 1275 928 1338 maximo
951 1276 1048 1338 subli-

76 1381 149 1423 mes
170 1361 309 1443 portious
332 1363 365 1423 et
384 1361 553 1424 rutilantes
575 1382 652 1423 auro
675 1361 839 1423 columnae
854 1363 978 1423 tantum
1000 1360 1049 1422 in-

76 1444 193 1509 usitati
221 1450 354 1509 ornatus
381 1445 537 1508 dederunt
564 1449 601 1508 ut
627 1444 682 1507 illo
709 1465 775 1507 non
802 1445 907 1507 minus
936 1443 1048 1526 cupide

80 1529 293 1593 conueniatur
314 1529 376 1592 loci
398 1530 503 1612 gratia
525 1550 619 1611 quam
642 1530 816 1613 spectaculi
838 1529 1011 1611 uoluptate.
1063 1550 1087 1589 rs

147 1611 296 1677 XXXVI.
322 1612 501 1677 Tantorum
516 1613 619 1677 ltoma
635 1634 764 1696 compos
779 1614 945 1695 bonorum,
968 1634 1049 1695 quae

79 1696 210 1780 quidem
233 1699 261 1760 ei
284 1700 361 1761 sunt
384 1719 456 1761 curn
470 1702 538 1761 toto
561 1698 637 1761 orbe
659 1698 852 1778 communia,
875 1697 983 1761 haurit
1002 1697 1049 1761 in·

78 1802 178 1864 super
204 1782 347 1866 ingentis
375 1783 444 1865 spei
471 1782 611 1845 fructum
640 1804 736 1865 quam
762 1782 958 1867 propositam
987 1782 1047 1845 sibi

79 1887 121 1930 ex
138 1864 327 1930 Caesaribus
348 1867 557 1930 nobilissimis
571 1867 670 1932 habet
692 1889 864 1951 eorumque
884 1868 1047 1931 fratribus.

78 1970 217 2033 quorum
232 1951 297 2013 iam
311 1951 444 2014 nomina
458 1952 529 2034 ipsa
544 1972 741 2034 ueneremur,
765 1955 825 2015 etsi
845 1956 921 2015 uota
939 1956 1050 2016 nostra
1063 1972 1088 2010 aa

79 2034 212 2099 interim
238 2034 455 2119 proferuntur.
499 2057 560 2099 nee
586 2035 845 2100 Lacedaemoniis
879 2036 984 2118 magis
1012 2036 1049 2096 li-

80 2118 184 2183 cuerit
203 2118 265 2183 hoc
286 2120 434 2183 instituto
461 2120 711 2202 rempublicam
734 2120 814 2182 tueri
842 2140 948 2201 suam,
978 2139 1049 2181 eum

79 2224 191 2287 regem
217 2204 280 2267 nisi
308 2224 347 2267 ex
369 2204 468 2287 stirpe
490 2203 638 2267 Herculis
667 2224 732 2267 non
754 2203 919 2265 haberent.
964 2205 1047 2282 tuoe,

79 2285 294 2352 Constantine
309 2288 455 2368 maxime,
478 2292 549 2352 tuos
565 2288 681 2351 liberos
698 2309 734 2351 ae
750 2287 900 2369 deinceps
915 2288 1049 2368 nepot-es

78 2376 189 2436 tecum
216 2376 309 2456 optat
341 2377 377 2435 ut
404 2376 497 2436 tant-0
530 2394 549 2435 a
576 2372 720 2456 pluribus
748 2376 901 2455 petantur
930 2373 1049 2454 quanto
1062 2388 1088 2430 as

78 2456 202 2519 maiora
229 2459 416 2521 noscuntur.
460 2457 623 2520 declarent
650 2478 722 2521 eece
744 2457 901 2519 rationem
931 2454 1049 2538 cupidi·

79 2544 245 2624 tabemque
272 2543 421 2605 uotorum
443 2541 529 2605 facta
551 2541 671 2625 Crispi,
704 2541 878 2606 Caesarum
906 2541 1048 2623 niaximi,

79 2625 116 2689 in
138 2645 201 2707 qno
222 2626 315 2689 uelox
334 2627 437 2689 uirtus
460 2626 576 2689 aetatis
599 2648 776 2690 maranen
798 2626 961 2689 retardata
975 2648 1050 2708 pue-

80 2708 158 2773 riles
180 2730 283 2773 annos
298 2710 410 2793 gloriis
426 2708 673 2792 triumphalibus
695 2712 872 2794 occupauit,
897 2711 984 2773 cuius
1005 2710 1049 2772 ita

80 2794 148 2857 iam
175 2793 288 2859 uberes
314 2797 441 2858 scatent
462 2794 571 2857 laudes
598 2798 635 2857 ut
655 2795 770 2877 plenae
794 2798 925 2877 possent
947 2794 1089 2855 uiderim

79 2877 145 2941 nisi
175 2879 316 2962 coepisse
350 2881 383 2942 et
412 2882 535 2962 partem
569 2879 792 2963 cogitaremus.
838 2880 891 2960 qui
922 2878 1050 2961 quidem

83 3032 288 3041 ———-—.-——

149 3118 165 3166 6
188 3118 279 3182 gentis
301 3117 465 3182 perdomicie
487 3118 538 3181 (rael
556 3115 627 3180 atie)
646 3119 687 3177 K,
714 3133 783 3167 corr.
802 3131 827 3165 w
857 3116 866 3183 ΙΙ
897 3120 911 3167 ἵ
934 3117 1051 3167 celeber-

78 3184 151 3234 rima
168 3200 274 3250 queque
291 3186 314 3232 A
332 3187 365 3233 W
382 3186 472 3236 Bert:
500 3185 729 3249 celeberrimaque
748 3185 769 3232 B
788 3188 805 3234 0
825 3186 911 3234 celeb.
931 3201 1012 3250 qriam
1031 3186 1052 3232 V

81 3250 95 3315 ΙΙ
116 3253 230 3303 Saeuis
248 3266 284 3301 w:
303 3253 382 3303 nobis
399 3255 426 3302 1
441 3251 445 3317 Ι
461 3252 586 3303 obselata
603 3254 626 3300 A
643 3254 665 3300 V
682 3251 692 3316 ΙΙ
713 3256 729 3301 a
748 3253 835 3302 cultui
853 3254 886 3300 W
904 3250 913 3317 ΙΙ
937 3257 967 3302 10
986 3258 1049 3301 ante

80 3334 117 3369 aa
133 3319 157 3368 A
174 3320 197 3368 V
213 3325 297 3370 antea
315 3335 340 3369 w
360 3318 371 3385 l
393 3324 424 3370 11³.
444 3321 517 3371 circo
534 3335 571 3369 w:
592 3320 695 3370 ideirco
713 3322 741 3367 K
761 3317 771 3383 ΙΙ
795 3324 825 3370 17
846 3322 898 3370 coi.
917 3320 1011 3368 ham-it
1029 3318 1051 3366 A

80 3386 95 3451 Ιὲ
115 3389 149 3439 25
167 3396 271 3453 quanto
289 3387 324 3439 ad
335 3391 441 3438 maiora
459 3394 608 3437 nascuntur
626 3390 684 3440 cdd.
702 3397 762 3451 post
780 3388 886 3437 maiora
902 3387 1050 3435 irrueracrim

79 3470 176 3507 eorum
193 3454 343 3521 incinerat}
358 3459 389 3507 31
408 3462 514 3520 partem
527 3456 674 3506 Acidub‘us:
692 3461 799 3519 patrem
815 3457 855 3515 13
873 3472 908 3504 aa
927 3453 1053 3517 coepisse

79 3528 194 3591 propter
211 3527 330 3573 aetatem
347 3526 427 3589 cog..⁹
449 3524 504 3573 nisi
522 3525 563 3573 sic
582 3538 657 3588 coep.
676 3527 704 3572 et
722 3528 828 3587 patrem
853 3521 990 3581 u'rtauaas

130 3612 219 3655 ΡΜ.
234 3624 290 3655 ur.
879 3605 915 3653 lb
