2294 3780
102 153 164 217 266
446 155 493 203 xi.
523 152 734 204 astruamur

103 303 223 391 habet]
263 304 297 367 in
319 302 510 386 recipiendis
533 302 644 366 amieis
668 302 807 385 optimus
829 301 924 366 iudex
946 306 1006 365 est.
1044 301 1075 365 si

104 389 202 474 aliqui
225 392 300 452 sunt
313 388 461 471 improbi,
483 386 658 451 tolerandis
677 386 884 451 familiarium
906 385 994 449 uitiis
1016 386 1075 448 im·

104 474 268 537 mutabilis
292 477 340 536 est
363 473 494 536 amicus

168 556 302 621 XXVII.
334 557 379 620 At
393 559 520 620 mutant
535 555 691 619 secundae
705 576 756 618 res
772 554 904 618 animos.
927 556 1075 618 nostrum

79 659 92 699 a
105 642 284 724 prinoipem
299 641 326 703 si
342 641 484 703 nondum
499 642 714 720 mutauerant,
737 639 863 722 quando
879 637 1075 702 mutabunt?

105 726 194 788 ouius
216 746 367 808 umquam
390 724 528 789 diuinior
549 723 688 787 felicitas
710 721 798 786 fuit?
838 722 936 806 paulo
958 725 1035 786 ante
1058 744 1077 785 a

105 809 249 872 liberatis
274 808 397 872 Galliae
423 808 601 891 prouinciis
629 807 729 871 lassus
758 807 962 870 inimicorum
991 807 1076 890 eapi-

106 894 217 956 talium
246 894 364 975 apertis
393 893 489 956 armis
518 897 550 956 et
579 890 711 956 occultis
739 891 865 954 insidiis
887 890 1077 974 petebatur:

106 978 139 1040 in
155 976 299 1060 pauculis
323 978 484 1041 mensibus
501 977 609 1040 diuino
626 996 758 1039 munere
773 975 902 1058 Libyae,
924 973 1077 1058 Europae

69 1081 94 1119 10
107 1062 267 1143 Asiaeque
297 1065 447 1194 regnator
475 1069 532 1125 est.
577 1082 658 1144 quae
684 1060 808 1122 maiora
837 1058 1077 1142 expectabimus

106 1145 158 1208 dei
180 1145 337 1229 praemia.
376 1168 456 1229 quae
478 1146 624 1210 uberiora
647 1145 731 1207 dona
753 1143 938 1207 Fortunae?
968 1143 1077 1206 uidete

106 1252 183 1293 num
212 1229 360 1294 secundis
387 1231 481 1293 rebus
510 1229 610 1293 elatus
638 1227 757 1311 aliquid
785 1228 824 1291 de
846 1227 960 1310 prioris
989 1228 1078 1291 ultae

106 1313 350 1378 mansuetudine
383 1318 415 1378 et
447 1313 665 1378 moderatione
697 1312 878 1375 mutauerit.
926 1311 1077 1390 mutauit,

106 1399 203 1481 plane
236 1399 383 1462 mutauit.
433 1421 509 1462 nam
551 1397 673 1461 ciuilior
709 1396 814 1460 faetus
849 1416 1077 1479 prosperorum

69 1501 94 1541 15
107 1480 242 1566 infregit
264 1483 427 1546 inuidiam.
462 1484 512 1546 eui
535 1503 601 1544 non
623 1482 674 1544 uel
697 1480 775 1543 illud
798 1484 925 1562 tempus
948 1480 1079 1544 sedatae

107 1567 256 1650 praebuit
288 1567 404 1630 mentis
432 1566 585 1630 indicium
614 1585 675 1648 quo
704 1564 856 1628 horrendi
884 1563 960 1627 belli
989 1566 1078 1627 metu

107 1672 141 1713 re
164 1651 292 1734 publiea
315 1651 449 1714 liberata
471 1651 547 1714 elati
569 1671 677 1714 sumus
703 1648 810 1712 cunuti
831 1647 991 1732 gestiente
1013 1648 1078 1711 lae·

107 1734 205 1797 titia?
227 1735 282 1797 sed
298 1736 479 1817 imperator,
503 1756 694 1817 quamquam
710 1733 840 1797 caelesti
862 1753 922 1814 ope
940 1731 1080 1795 salutem

108 1819 154 1880 rei
181 1817 330 1899 publicae
358 1821 596 1901 propugnatum
625 1818 764 1899 uideret,
799 1820 831 1882 et
860 1815 1079 1879 conditionem

70 1900 211 1964 redoluit
235 1900 409 1964 humanam
439 1905 471 1964 et
498 1902 690 1964 offensarum
713 1902 852 1986 gratiam
880 1899 1003 1964 faciens
1031 1900 1080 1963 ln·

110 1985 179 2048 duit
192 1985 324 2048 fratrem
348 1988 380 2048 et
398 1986 485 2049 euius
506 1986 603 2049 armis
623 1987 725 2049 uitam
746 2007 835 2049 suam
853 1984 1080 2068 impugnatam

109 2070 230 2134 seiebat
263 2074 397 2133 mortem
434 2071 500 2134 eius
535 2071 661 2134 ornauit
693 2092 730 2134 aa
757 2073 868 2153 postea
897 2069 965 2151 ipse
993 2068 1079 2132 iusta

109 2154 273 2237 persoluit.
304 2158 336 2218 et
357 2156 511 2220 memoria
533 2159 566 2219 et
586 2155 745 2218 obliuione
768 2153 935 2233 mirabilis,
959 2152 1079 2216 oblitus

109 2239 231 2302 inimici
255 2240 402 2304 meminit
423 2238 558 2303 heredis.

70 2339 96 2378 2⁵
173 2323 326 2387 XXVIII.
379 2323 441 2388 Sed
464 2323 539 2406 quid
563 2344 622 2406 ego
644 2323 772 2406 longius
793 2319 913 2384 indicia
935 2320 1025 2384 mitis
1047 2324 1080 2384 et

110 2411 295 2472 mansuetae
318 2409 436 2472 mentis
458 2407 607 2472 aeeerso‘l
652 2407 705 2469 hio
727 2406 810 2488 ipse,
838 2405 906 2487 hio,
934 2405 1078 2487 inquam,

110 2492 179 2572 ipse
195 2491 261 2554 dies
277 2492 425 2574 praebuit
444 2493 548 2556 ciuilis
564 2491 662 2555 animi
684 2491 761 2553 satis
778 2490 863 2553 alara
878 2488 1078 2552 documenta.

111 2595 171 2656 ego
200 2578 233 2636 et
260 2575 384 2658 collega
411 2597 516 2657 meus,
549 2597 590 2638 ne
619 2575 694 2657 quid
722 2573 878 2636 maximus
907 2573 1081 2655 imperator

110 2659 298 2740 propensius
332 2656 543 2721 humanitatis
576 2659 680 2722 studio
712 2658 847 2740 faceret,
880 2657 1079 2720 uerebamur.

73 2757 99 2796 ³0
112 2743 219 2825 itaque
245 2743 404 2806 matutino
439 2742 624 2825 crepusculo
651 2742 806 2825 palatium
832 2742 983 2825 petimus.
1028 2739 1081 2804 ad-

111 2824 243 2890 uentare
264 2848 322 2890 nos
344 2827 483 2911 principi
506 2827 588 2890 forte
609 2829 678 2889 tum
699 2827 789 2890 danti
811 2847 940 2909 operam
963 2825 1081 2889 saluta·

115 2983 189 2990 -0--.
200 2985 204 2988 ⁴

180 3064 377 3115 atollerandis
395 3081 432 3115 w:
458 3065 607 3116 tollerandi
625 3066 652 3112 Μ
681 3063 691 3128 ΙΙ
721 3067 736 3114 5
759 3065 928 3114 mutauerint
945 3065 985 3127 Μ,
1012 3079 1081 3115 corr.

112 3131 237 3194 Jaeperas
253 3130 256 3194 Ι
272 3133 450 3182 mutabuntur
468 3137 485 3182 0
505 3133 682 3198 mutabuntur
701 3134 723 3179 V
743 3129 753 3196 ΙΙ
774 3133 789 3181 6
808 3147 824 3180 a
842 3130 970 3180 liberatis
988 3133 1084 3196 rerr'psr'

113 3201 129 3247 I.
144 3201 160 3247 l.
171 3215 198 3262 p.
211 3201 278 3248 222.-
296 3199 325 3247 in
337 3198 468 3249 laceratis
481 3203 508 3248 Μ
519 3204 548 3250 ln
560 3200 701 3250 laceratas
712 3197 743 3248 G.
756 3199 914 3263 prouincias
924 3200 1058 3249 Liuineius
1074 3195 1083 3261 ll

115 3265 238 3316 'llassus
256 3282 302 3330 epo
320 3266 398 3315 iaia:
420 3267 512 3332 lapsus
531 3270 558 3316 Μ
581 3266 591 3333 ΙΙ
616 3270 631 3318 9
648 3267 692 3330 in3
711 3283 744 3315 an
763 3269 815 3316 en?
839 3264 849 3330 ΙΙ
875 3268 906 3316 12
925 3265 1026 3332 prioris
1044 3279 1082 3315 w:

113 3334 249 3398 prioribus
266 3335 295 3380 Μ
313 3331 323 3397 ΙΙ
341 3335 372 3382 13
392 3340 420 3382 et
437 3337 485 3384 del.
505 3349 529 3384 w
546 3334 555 3399 [Ι
566 3337 605 3384 16
624 3335 754 3384 iudicium
772 3336 789 3381 ὓ
807 3334 829 3380 V
845 3329 855 3397 ΙΙ
877 3336 907 3383 19
926 3348 1082 3399 propugna-

113 3406 171 3451 tam
190 3416 219 3467 ςε
238 3405 418 3466 propagatam
437 3403 464 3449 Μ
485 3400 494 3466 ΙΙ
516 3404 547 3451 21
567 3403 682 3452 fratrum
697 3405 714 3449 0
730 3401 734 3463 1
751 3402 875 3450 suamA:
896 3401 1083 3452 oraBGVW

114 3466 122 3531 !:
140 3471 172 3520 23
190 3469 310 3520 mirabili
328 3468 402 3519 Bert.
425 3465 436 3532 ΙΙ
457 3471 489 3520 29
508 3470 669 3534 propensius
688 3470 761 3520 edat:
779 3483 945 3534 propensum
962 3469 989 3515 Μ
