2294 3780
109 133 151 195 22
429 134 452 186 Ι.
487 133 518 183 C.
537 133 654 186 PLINII
672 133 752 185 PAN.

109 283 245 366 uehunt;
282 286 315 347 te
343 283 384 346 ad
412 280 515 345 sidera
542 281 630 345 tollit
657 283 772 346 humus
803 283 866 345 ista
897 281 1075 345 communis

110 371 142 431 et
165 367 297 431 confusa
318 366 473 450 principis
495 365 641 449 uestigia.

99 507 103 513 .
172 451 276 516 XXV.
313 450 382 514 Nec
405 470 525 532 uereor,
547 452 656 533 patres
680 450 862 533 conscripti,
885 471 926 512 111
949 449 1077 533 longior

108 536 227 617 uidear,
251 556 322 598 curn
345 535 387 599 sit
408 534 547 597 maxime
570 534 747 617 optandum
769 537 805 597 ut
826 555 863 596 ea
883 555 941 616 pro
961 534 1075 616 quibus

83 639 97 679 s
110 622 250 704 aguntur
259 618 397 702 principi
410 619 534 701 gratiae
545 618 647 682 multa
660 619 739 683 sint:
756 640 836 700 quae
849 618 976 700 quidem
987 639 1074 680 reue·

108 704 229 767 rentius
240 702 338 767 fuerit
347 703 476 787 integra
488 702 686 786 inlibataque
700 702 948 786 cogitationibus
959 703 1075 766 uestris

107 787 263 850 reseruari
285 809 379 870 quam
403 787 539 870 carptim
562 787 762 870 breuiterque
783 786 976 870 perstringi,
1000 786 1076 868 quia

108 872 174 934 fere
201 873 343 954 sequitur
371 874 408 935 ut
428 871 484 935 illa
506 871 633 953 quidem
661 871 700 935 de
723 870 838 955 quibus
859 873 967 934 taceas
996 871 1077 935 bunt

107 958 201 1018 tanta
222 960 343 1038 quanta
366 959 442 1028 sunt
465 976 533 1019 esse
555 955 740 1019 uideantur:
778 955 841 1018 nisi
863 976 939 1018 uero
961 955 1076 1018 leuiter

69 1059 95 1099 10
109 1038 227 1124 attingi
253 1039 361 1122 placet
382 1040 592 1124 locupletatas
619 1040 723 1104 tribus
746 1039 916 1122 datumque
946 1039 1075 1122 congia-

107 1123 191 1187 rium
213 1124 331 1208 populo
356 1127 388 1187 et
410 1124 521 1188 datum
542 1126 659 1206 totum,
694 1146 765 1188 eum
787 1124 930 1187 donatiui
952 1125 1075 1206 partem

107 1208 225 1271 milites
244 1209 452 1292 accepissent.
482 1230 523 1272 an
538 1208 706 1272 mediocris
722 1208 822 1272 animi
839 1211 887 1272 est
901 1208 952 1271 his
967 1207 1074 1290 potius

107 1297 348 1376 repraesentare
376 1292 490 1376 quibus
519 1292 621 1378 magis
650 1293 763 1376 negari
792 1292 926 1376 potest?
969 1312 1075 1372 quam·

108 1397 205 1459 quam
236 1378 271 1440 in
302 1377 363 1441 hac
391 1398 515 1461 quoque
544 1377 729 1442 diuersitate
763 1377 964 1460 aequalitatis
991 1375 1074 1438 ratio

70 1465 234 1525 reseruata
264 1466 323 1525 est.
368 1462 496 1544 aequati
524 1465 599 1525 sunt
633 1462 718 1525 enim
744 1461 861 1544 populo
891 1460 1010 1523 milites
1039 1480 1076 1523 eo

107 1545 192 1626 quod
219 1549 360 1626 partem,
392 1546 448 1607 sed
474 1545 612 1627 priores,
642 1545 778 1628 populus
807 1543 962 1606 militibus
992 1544 1076 1624 quod

107 1629 274 1710 posterior,
297 1629 352 1691 sed
366 1630 470 1690 totum
486 1628 596 1690 statim
612 1628 745 1710 accepit.
776 1627 939 1691 enimuero
955 1628 1075 1709 quanta

107 1712 309 1796 benignitate
332 1711 469 1774 diuisum
493 1713 556 1774 estl
591 1715 792 1795 quantaeque
816 1732 909 1774 curae
931 1710 990 1773 tibi
1012 1710 1076 1774 fuit

107 1816 149 1860 111
176 1796 246 1878 quis
274 1816 386 1877 expers
415 1794 615 1859 liberalitatis
644 1800 717 1859 tuae
744 1795 849 1858 fieret!
888 1793 999 1856 datum
1026 1797 1076 1857 est

69 1877 158 1942 eohis
180 1880 234 1961 qui
256 1882 331 1962 post
353 1879 491 1942 edictum
512 1882 603 1943 tuum
625 1881 660 1943 in
683 1880 789 1944 locum
818 1882 980 1942 erasolum
1002 1878 1075 1941 sub-

108 1962 167 2026 diti
187 1963 329 2044 fuerant,
361 1964 549 2047 aequatique
576 1966 652 2027 sunt
681 1964 794 2027 ceteris
816 1962 865 2026 illi
887 1963 984 2026 etiam
1007 1963 1075 2044 qui-

106 2047 165 2109 bus
187 2067 253 2109 non
276 2050 344 2111 erat
357 2049 557 2131 promissum.
579 2047 720 2132 negotiis
741 2048 867 2131 aliquis,
889 2047 1073 2110 ualetudine

107 2130 204 2215 alius,
238 2131 290 2196 hic
322 2133 420 2214 mari,
453 2132 508 2194 ille
537 2131 722 2196 fluminibus
750 2130 979 2195 distinebatur:
1022 2151 1074 2193 ex-

24 2272 28 2281 .
106 2220 255 2299 peotatus
282 2219 345 2294 est,
374 2215 599 2300 prouisumque
626 2238 667 2280 ne
696 2217 766 2299 quis
795 2237 908 2299 aeger,
936 2235 977 2277 ne
1003 2215 1073 2296 quis

69 2318 95 2358 2⁵
109 2303 295 2384 occupatus,
326 2321 367 2365 ne
393 2301 464 2383 quis
493 2300 629 2384 denique
656 2300 752 2385 longe
781 2299 908 2363 fuisset:
948 2299 1075 2363 ueniret

109 2385 255 2467 quisque,
287 2406 359 2448 cum
386 2385 500 2467 uellet,
527 2386 653 2449 ueniret
677 2387 827 2468 quisque,
860 2404 931 2447 curn
952 2384 1071 2465 posset.

108 2469 329 2550 magnifieum,
358 2468 487 2549 Caesar,
516 2472 548 2532 et
569 2474 660 2532 tuum
683 2468 948 2532 disiunctissimas
970 2470 1073 2530 terras

108 2551 347 2615 munificentiae
379 2552 511 2634 ingenio
542 2553 631 2615 uelut
658 2553 827 2615 admouere
854 2554 1073 2632 immensaque

108 2635 211 2717 spatia
242 2633 434 2698 liberalitate
466 2634 667 2717 contrahere,
704 2635 901 2699 intercedere
937 2634 1073 2716 casibus,

67 2736 94 2775 eo
108 2737 275 2782 occursare
302 2717 449 2781 fortunae
479 2720 574 2801 atque
602 2718 690 2782 omni
719 2740 779 2803 ope
808 2720 910 2784 adniti
937 2719 1073 2802 nequis

108 2822 125 2865 e
150 2802 242 2885 plebe
264 2802 412 2867 Romana
440 2800 536 2866 dante
563 2804 760 2887 congiarium
787 2808 819 2866 te
847 2803 1009 2866 hominem
1038 2824 1073 2866 se

106 2887 209 2969 magis
232 2887 367 2950 sentiret
387 2886 487 2950 fuisse
510 2908 605 2970 quam
629 2888 741 2951 ciuem.

108 3026 310 3033 ——-.--—..

175 3109 188 3155 1
207 3108 262 3157 ista
281 3122 309 3170 ςτ
327 3106 433 3174 itanu
450 3111 465 3157 2
486 3108 558 3157 conl.
576 3110 692 3172 priuatis
711 3113 781 3161 uest.
793 3109 981 3158 Freinshemius
1000 3109 1072 3162 conf.

106 3174 195 3238 plebis
208 3190 241 3224 ac
251 3175 383 3239 principis
396 3180 466 3226 uest.
476 3175 635 3225 Schwarzius
649 3176 721 3226 conf.
731 3177 848 3242 priuatis
858 3176 993 3240 principis
1001 3181 1071 3228 uest.

106 3241 277 3292 Mommsenio
290 3243 361 3296 conf.
375 3244 429 3293 ista
442 3245 546 3293 ciuium
561 3249 587 3292 et
599 3244 732 3307 principis
744 3249 814 3293 uest.
827 3243 927 3293 Keilins
945 3241 954 3306 ΙΙ
973 3245 988 3292 b
1001 3257 1072 3305 quae

125 3308 299 3372 uodqueVW
311 3307 321 3373 ΙΙ
333 3312 348 3359 8
359 3309 399 3375 ut]
413 3312 498 3360 etnv
513 3312 518 3370 Ι
533 3311 601 3359 haut
614 3312 717 3361 addidi:
730 3311 812 3360 111111
825 3308 835 3375 ΙΙ
851 3310 1071 3374 lolocupletasc

107 3324 165 3441 1116
183 3379 289 3441 priores
302 3391 331 3443 g:
351 3379 424 3441 prior
443 3382 484 3446 est
495 3379 522 3426 n
534 3376 545 3442 ΙΙ
560 3379 590 3426 17
609 3382 712 3441 quanta
728 3378 763 3427 B:
782 3393 893 3442 quaqua
906 3379 955 3425 GV
974 3383 1001 3442 q¹
1013 3377 1045 3424 W
1063 3374 1072 3441 ll

105 3447 138 3494 23
149 3447 348 3509 expectatumc
361 3441 371 3510 ΙΙ
383 3447 415 3495 27
424 3441 623 3511 tuum]illudw
635 3442 645 3509 ΙΙ
658 3447 690 3496 28
700 3444 878 3496 admonereW
890 3443 899 3509 ss
913 3446 1071 3496 bissenae.
