2294 3780
399 134 561 212 rnanuo
580 160 613 210 η.
631 163 707 211 4-5.
1013 160 1034 224 5

65 310 250 395 insignibus
266 309 305 373 ad
327 309 508 393 augendam
522 310 722 374 maiestatem
738 312 852 374 ornatu
868 311 1035 396 caesaries,

67 416 178 460 nonne
199 395 298 478 louge
319 394 446 476 lateque
468 395 644 477 principem
668 394 857 459 ostentant?

130 479 172 547 V.
195 479 306 543 Talem
321 499 389 542 esse
406 479 547 561 oportuit
562 500 656 562 quem
670 500 736 543 non
755 480 836 543 bella
853 479 961 543 ciuilia
976 500 1036 542 nee

66 565 165 629 armis
194 584 347 646 oppressa
373 584 424 626 res
451 563 580 646 publica
608 562 664 626 sed
691 585 753 646 pax
781 567 814 628 et
848 563 976 647 adoptio
1005 567 1037 626 et

67 648 201 712 tandem
224 651 354 711 exorata
375 647 470 711 terris
492 647 626 711 numina
640 647 813 712 dedissent.
837 671 879 712 an
894 649 945 712 fas
968 652 1062 712 erats

65 732 149 796 nibil
184 731 310 795 differre
343 731 428 794 inter
455 732 679 814 imperatorem
706 753 799 815 quem
828 733 974 797 homines
1005 737 1038 796 et

66 837 163 900 quem
193 816 227 880 di
251 815 431 880 fecissent?
466 836 599 899 quorum
628 816 756 899 quidem
783 818 818 880 in
846 822 889 900 te,
917 817 1037 882 Caesar

66 903 225 984 Auguste,
266 900 406 964 studium
442 903 475 963 et
507 900 601 964 fauor
635 906 713 965 tunc
742 903 861 984 statim,
899 923 970 966 cum
998 901 1037 965 ad

67 985 243 1049 exercitum
265 985 521 1067 proficiscereris,
544 988 576 1048 et
598 985 725 1069 quidem
753 986 909 1051 inusitato
931 986 1037 1049 omine

67 1068 186 1134 notuit.
235 1090 312 1132 nam
352 1072 474 1133 ceteros
510 1069 671 1153 principes
705 1074 760 1134 aut
798 1072 907 1155 largus
946 1091 1037 1135 cruor
1051 1088 1076 1126 ιο

67 1154 246 1218 hostiarum
269 1157 324 1217 aut
346 1153 476 1217 sinister
503 1155 632 1217 uolatus
661 1155 769 1219 auium
797 1154 1037 1220 consulentibus

66 1238 241 1316 nuntiauit,
265 1238 324 1302 tibi
347 1237 533 1302 ascendenti
556 1239 594 1301 de
616 1260 704 1302 more
719 1238 914 1322 Capitolium
929 1260 1037 1321 quam-

67 1344 166 1408 quam
189 1344 254 1386 non
276 1321 309 1386 id
331 1322 497 1420 agentium
521 1323 639 1386 ciuium
662 1322 781 1387 elamor
802 1326 839 1386 ut
864 1323 928 1385 iam
950 1324 1037 1406 prin-

68 1407 134 1491 cipi
157 1407 311 1490 occurrit3
341 1407 497 1490 arquidem
519 1407 624 1471 omnis
651 1406 745 1470 turba
767 1428 847 1490 quae
870 1407 968 1470 limen
989 1407 1038 1471 in-

68 1491 196 1556 sederat
218 1491 258 1555 ad
279 1492 461 1576 ingressum
482 1495 574 1556 tuum
596 1491 719 1555 foribus
741 1491 873 1556 reclusis
896 1492 1075 1576 illaqui-15

67 1576 152 1659 dem,
174 1579 210 1639 ut
231 1579 309 1640 tunc
324 1576 551 1657 arbitrabatur,
574 1577 676 1655 deum,
702 1579 853 1660 ceterum,
877 1580 914 1641 ut
929 1577 1038 1640 docuit

69 1664 217 1744 euentus,
246 1665 278 1724 te
305 1661 519 1731 consalutauit
544 1661 777 1744 imperatorem.
814 1683 874 1726 nec
903 1662 995 1725 aliter
1018 1684 1037 1724 a

68 1744 194 1809 cunctis
228 1766 323 1810 omen
351 1748 518 1828 acceptum
553 1751 611 1809 est.
648 1767 722 1810 nam
749 1747 819 1830 ipse
848 1746 1036 1830 intellegere

66 1829 216 1894 nolebas:
238 1830 409 1895 recusabas
433 1830 517 1893 euim
544 1829 717 1914 imperare3
746 1831 925 1911 recusabas
955 1830 1038 1915 quod

66 1915 153 1978 bene
181 1916 250 1978 erat
276 1915 475 1998 imperaturi.
512 1915 612 1998 igitur
643 1916 803 1999 cogendus
831 1916 930 1980 fuisti.
965 1915 1038 1999 cogi
1051 1930 1077 1971 2⁰

70 2019 168 2082 porro
189 2019 256 2062 non
277 2006 407 2083 poteras
429 1999 655 2082 nisipericulo
677 2001 800 2083 patriae
817 2004 849 2063 et
869 2000 1037 2064 nutatione

68 2083 116 2147 rei
143 2082 301 2165 publicae.
345 2084 543 2148 obstinatum
571 2084 657 2148 enim
686 2085 746 2148 tibi
778 2106 844 2149 non
878 2085 961 2148 susci
986 2104 1038 2147 ere

69 2167 250 2250 imperium,
274 2168 338 2231 nisi
360 2168 553 2233 seruandum
574 2169 698 2232 fuisset.
733 2191 830 2253 quare
859 2189 918 2252 ego
946 2106 1038 2230 ilium

68 2254 175 2335 ipsum
196 2248 338 2315 fluorem
360 2256 544 2336 motumque
567 2256 762 2316 castrensem
788 2273 861 2314 reor
885 2251 1036 2328 extitisse,

68 2336 145 2419 quia
172 2357 293 2420 magna
315 2337 348 2400 ui
369 2358 549 2423 magnoque
570 2340 691 2400 terrore
712 2335 869 2400 modestia
891 2338 948 2398 tua
968 2333 1038 2397 uin-
1051 2352 1078 2392 25

70 2419 174 2484 cenda
196 2425 272 2484 erat.
302 2443 340 2485 ac
361 2422 444 2485 sicut
464 2422 561 2485 maris
588 2420 730 2504 caelique
758 2419 945 2568 temperiem
973 2422 1038 2482 tur·

70 2505 164 2568 binas
186 2507 457 2589 tempestatesque
473 2504 709 2587 commendant,
733 2506 814 2569 itaa
858 2503 1038 2589 augendam

70 2589 160 2672 pacis
183 2592 256 2653 tuae
279 2590 414 2673 gratiam
436 2590 527 2654 illum
548 2590 720 2654 tumultum
742 2590 952 2674 praecessisse
974 2611 1038 2654 cre-

70 2672 218 2738 diderim.
248 2673 346 2738 habet
366 2673 424 2738 has
447 2675 533 2739 uices
556 2674 700 2739 condicio
722 2675 904 2739 mortalium
927 2680 962 2738 ut
985 2673 1038 2736 ad·

70 2779 166 2821 uersa
194 2780 233 2822 ex
261 2757 422 2842 secundiS,
447 2781 485 2822 ex
513 2759 654 2822 aduersis
682 2759 821 2823 secunda
855 2762 1037 2822 nascantur.
1052 2775 1077 2814 30

72 2841 216 2906 occultat
238 2845 444 2926 utrorumque
467 2843 590 2907 semina
613 2842 699 2926 deus,
723 2847 755 2907 et
776 2843 960 2926 plerumque
982 2842 1038 2905 bo-

68 2982 222 2990 ——...-.—-.
253 2984 274 2990 .-

139 3067 156 3113 5
176 3070 273 3115 exorta
292 3067 309 3113 0
334 3064 344 3130 ΙΙ
368 3068 383 3116 8
402 3065 521 3115 studium
541 3081 600 3130 epo:
624 3064 755 3114 iudicium
778 3068 805 3112 bi
829 3064 839 3131 ΙΙ
862 3068 878 3116 8
902 3070 967 3115 tunc
991 3081 1037 3116 om.

70 3149 134 3196 BV
156 3144 168 3214 ΙΙ
191 3150 207 3198 9
230 3149 366 3200 inusitato
384 3133 427 3200 cie
457 3148 548 3199 notuit
576 3150 684 3212 scripsi:
714 3150 848 3199 inusitato
879 3149 985 3198 enotuit
1011 3150 1039 3196 Μ

71 3218 145 3265 inus.
166 3215 270 3266 indicio
290 3217 390 3267 enituit
408 3218 542 3267 Liuineius
559 3217 631 3270 inus.
655 3217 744 3266 omina
769 3218 875 3268 enotuit
898 3218 998 3266 Keilius
1024 3222 1035 3269 εἰ

70 3286 103 3332 14
123 3285 274 3332 occurrerit
296 3286 313 3333 0
342 3283 353 3350 ΙΙ
382 3288 413 3335 15
435 3285 516 3334 sualim
533 3287 565 3332 ut
586 3289 651 3333 tunc
675 3284 786 3348 quidem
805 3284 856 3334 illa
875 3285 933 3335 arb.
951 3284 955 3348 Ι
975 3281 1035 3347 illu]

68 3351 126 3400 iam
145 3351 162 3398 c
186 3347 196 3415 ΙΙ
222 3353 253 3400 17
272 3355 300 3401 te
320 3352 417 3402 consul
436 3350 624 3402 consalutauit
641 3351 674 3400 W
698 3349 707 3416 ΙΙ
734 3354 765 3402 19
783 3352 897 3402 uolebas
915 3353 935 3400 B
952 3352 1004 3399 (tv
1026 3350 1037 3413 'l

68 3420 103 3469 20
121 3418 280 3482 imperatori
295 3433 321 3467 w
343 3418 354 3485 ΙΙ
377 3422 409 3470 21
428 3420 570 3469 nutatione
589 3421 645 3470 cod.
665 3420 791 3470 Liuineii:
808 3420 959 3470 mutatione
977 3420 1004 3464 Η
1025 3418 1036 3479 >l

67 3487 103 3537 30
121 3491 273 3537 nascantur
291 3501 320 3552 g:
338 3491 489 3538 noscantur
507 3487 534 3534 lt
558 3484 568 3550 ΙΙ
592 3490 623 3537 31
642 3492 758 3551 utraque
777 3501 810 3535 w.
