2294 3780
106 147 167 212 104
400 147 451 198 111.
487 146 541 197 on.
560 146 771 198 rinnsu'rnu

105 299 139 363 in
154 297 288 362 aduersa
306 296 465 360 nitentem
480 295 602 377 impetu
618 294 697 359 caeli
712 295 798 378 rapit
813 295 922 360 solem.
944 296 1073 361 itidem·

105 403 181 533 Sue,
212 381 421 462 Maximinus,
449 378 598 444 Herculis
627 381 673 444 rot
698 382 814 445 uirtus.
859 381 952 444 mitto
975 381 1072 466 quod,
1127 435 1130 441 .

127 488 181 531 um
207 467 294 529 inter
319 464 465 531 homines
493 466 576 547 erut,
610 466 712 529 terras
740 485 849 529 omnes
877 468 910 529 et
936 486 1073 530 nemora

104 551 249 635 possuit,
282 548 376 613 urbes
404 547 541 613 dominis
568 548 748 613 crudelibus
776 549 938 633 liberauit,
972 551 1017 615 eti

79 636 193 699 scaelo
222 633 362 699 diramm
392 633 504 697 alitum
531 633 662 697 uoluere
691 633 756 699 tela
784 634 938 715 detraxit,
973 635 1070 701 etiam

104 724 240 784 terrores
261 717 400 781 inferum
420 717 557 783 abducto
573 719 704 783 custode
722 720 932 802 compescuit:
955 720 1071 783 exinde

106 807 190 868 certe
205 801 413 865 nihilominus
427 805 503 885 post
518 802 723 885 adoptionem
739 802 887 867 caelitum
902 801 1070 867 quentae-

104 909 165 972 que
192 886 362 950 conubium
383 889 556 969 perpetuus
579 889 628 949 est
649 886 778 953 uirtutis
805 889 942 951 assertor
969 889 1071 951 omni·

104 972 225 1054 busque
249 970 381 1034 fortium
407 971 551 1034 uirorum
576 970 739 1034 laboribus
761 971 850 1037 leuet
877 977 906 1036 ei
926 971 961 1035 in
982 972 1070 1035 omni

66 1079 91 1118 ro
105 1055 277 1121 certamine
315 1062 448 1119 conatus
482 1055 614 1118 adiuuat
644 1055 802 1120 iustiores.
858 1055 908 1119 his
941 1056 1071 1138 quidem

105 1143 191 1206 certe
214 1140 335 1222 diebus,
360 1139 473 1223 quibus
495 1138 745 1203 immortalitatis
769 1139 859 1224 origo
881 1139 1072 1223 celebratur,

103 1225 254 1309 instigat,
281 1228 316 1287 ut
337 1223 495 1306 uidemus,
524 1223 597 1287 illos
619 1224 719 1288 sacris
741 1224 966 1288 certaminibus
989 1225 1071 1288 acci-

103 1314 155 1375 tos
182 1313 219 1372 ut
239 1308 399 1393 pertinaci
426 1308 631 1372 animositate
654 1308 798 1372 certandi
826 1308 926 1372 multa
947 1309 1072 1373 faciant

101 1394 205 1477 ipsius
226 1393 345 1457 similia
359 1391 509 1457 Uictoris.
538 1391 628 1474 adeo,
652 1393 865 1458 sacratissime
886 1392 1072 1477 imperator,

64 1497 91 1545 rs
104 1483 240 1561 utraque
266 1480 374 1540 uestra
395 1477 530 1540 numina
556 1497 682 1559 semper
703 1476 822 1560 aliquid
850 1480 953 1561 agunt
973 1499 1071 1562 agen-

104 1561 220 1627 dumue
248 1565 376 1642 curant,
409 1563 446 1623 ut
472 1561 536 1623 iam
564 1560 659 1625 nobis
686 1559 742 1623 illa
769 1582 866 1644 quam
892 1584 951 1645 pro
979 1562 1072 1625 uobis

104 1666 343 1728 susceperamus
372 1665 448 1708 cura
475 1643 626 1727 ponenda
652 1643 708 1726 sit,
742 1665 813 1708 cum
835 1667 901 1710 non
923 1644 1072 1715 laborare

104 1753 177 1813 uos,
215 1729 269 1793 sed
298 1730 447 1811 parentes
481 1727 556 1791 deos
589 1727 752 1792 uideamus
785 1729 905 1794 imitari
937 1751 1071 1814 cumque

104 1817 270 1898 praetereo
307 1813 489 1896 ingenitum
527 1810 619 1875 illum
660 1811 752 1876 uobis
788 1812 917 1878 diuinae
952 1815 1070 1879 mentis

66 1919 92 1958 ao
105 1898 252 1962 ardorem
284 1897 380 1959 etiam
412 1917 520 1960 earum
551 1917 631 1979 quae
658 1897 781 1980 primae
813 1920 870 1964 uos
903 1920 1071 1985 suscepere

104 1983 272 2067 regionum
305 1979 453 2045 alacritss
483 1980 643 2045 excitarit.
693 2002 760 2045 non
789 1983 874 2046 enim
906 1984 940 2046 in
968 1985 1072 2048 otiosa

104 2066 211 2152 aliqua
237 2065 420 2150 deliciisque
449 2068 599 2150 corrupta
625 2068 718 2149 parte
740 2069 897 2130 terrarum
923 2068 994 2133 noti
1021 2068 1071 2132 in-

104 2152 271 2234 stitutique
299 2151 392 2233 estis,
422 2150 478 2215 sed
504 2151 539 2214 in
565 2150 616 2214 his
644 2150 818 2233 prouinciis
846 2173 926 2235 quas
954 2153 995 2216 ed
1022 2153 1070 2216 in·

103 2236 306 2322 fatigabilem
334 2235 596 2301 consuetudinem
624 2235 745 2300 laboris
773 2239 869 2320 atque
896 2237 1070 2319 patientiae

64 2322 205 2387 refracto
222 2322 299 2386 licet
320 2321 483 2404 oppositus
499 2320 594 2402 hosti,
617 2320 673 2385 sed
695 2320 791 2385 armis
813 2326 922 2385 tamen
945 2342 1071 2405 semper

103 2407 277 2472 instructus
306 2405 397 2469 miles
426 2409 565 2487 exercet,
594 2405 766 2489 inquibus
794 2405 899 2469 omnis
921 2405 989 2469 uita
1012 2406 1070 2469 mi-

104 2491 174 2554 litis
197 2494 261 2572 est,
287 2510 421 2571 quarum
444 2489 539 2553 etiam
561 2488 700 2552 feminae
723 2494 900 2554 ceterarum
922 2490 1069 2572 gentium

104 2574 181 2638 uiris
203 2573 351 2636 fortiores
373 2576 457 2635 sunt.

167 2656 225 2721 IV.
272 2655 321 2719 Ex
343 2655 414 2719 istis
437 2676 513 2738 ergo
540 2656 645 2720 causis
667 2656 776 2739 stirpis
804 2660 929 2721 uestrae
950 2657 1070 2740 patrio-

64 2760 236 2825 sorumque
258 2740 478 2804 institutorum
500 2737 556 2803 illa
578 2739 731 2803 eueniunt
753 2762 834 2823 quae
856 2763 951 2825 saepe
973 2742 1070 2805 mire-

103 2847 187 2909 mur,
217 2824 378 2888 interdum
404 2824 501 2888 etiam
528 2844 587 2906 pro
610 2824 726 2887 amoris
755 2826 957 2909 impatientia
978 2827 1070 2890 time-

106 2981 244 2990 --——---..-.
252 2981 266 2986 .-
277 2981 308 2986 ...-

172 3065 186 3110 1
204 3062 309 3126 impetu
327 3076 362 3110 w:
380 3061 513 3125 impeturn
531 3063 558 3110 Π
578 3058 588 3126 ll
612 3064 627 3111 2
646 3062 776 3115 Herculis
795 3064 836 3113 tui
854 3065 942 3115 uirtus
959 3067 1072 3128 scripsi:

102 3127 269 3179 herculistus
286 3129 313 3176 Π
334 3128 462 3181 hercules
485 3133 549 3181 tuna
572 3134 653 3181 autor
674 3131 720 3194 qui
742 3146 802 3181 oum
823 3131 896 3181 inter
913 3132 983 3183 horu.
1002 3146 1027 3180 v
1056 3129 1068 3197 Η

104 3193 258 3260 3nemora]
278 3210 395 3260 aequora
413 3198 536 3249 Arntzsn.
567 3195 577 3261 Η
607 3195 738 3263 ostiam]
759 3204 787 3249 et
805 3212 829 3246 w
853 3196 863 3263 ΙΙ
888 3201 903 3249 9
924 3205 952 3249 et
969 3216 1015 3252 om.
1034 3202 1070 3261 Π,

102 3265 165 3315 add.
178 3264 262 3313 Licin.
280 3261 290 3327 ΙΙ
310 3265 341 3313 12
359 3263 423 3313 illos
442 3279 459 3313 a
477 3265 565 3314 sacris
583 3265 619 3324 1,
638 3282 705 3317 corr.
722 3267 854 3317 Acidaliae
875 3264 884 3331 ΙΙ
907 3269 939 3316 14
957 3267 991 3317 ad
1011 3282 1068 3320 aoa.

102 3337 134 3385 at
152 3332 300 3395 imperator
318 3331 382 3379 ΔΨ
399 3345 456 3381 sac.
474 3329 575 3397 ΒΗΙΙ
588 3334 621 3383 15
640 3332 829 3399 agendumque
843 3334 876 3382 W
911 3336 944 3384 25
963 3335 1071 3384 irsotus

103 3413 128 3449 w
149 3396 154 3464 Ι
174 3397 248 3449 hosti
267 3413 293 3459 ες
311 3400 418 3462 scripsi:
438 3397 527 3450 hostis
544 3400 572 3448 1
589 3400 663 3451 hosti
681 3401 739 3451 edd.
764 3397 769 3462 Ι
794 3404 887 3451 tamen
918 3406 947 3450 tu
966 3405 983 3451 c
1004 3399 1014 3464 l
1037 3403 1070 3451 26

103 3466 182 3519 miles
200 3467 276 3517 edd:
294 3465 374 3518 limes
391 3466 418 3515 Ι
435 3466 510 3518 Bere.
534 3465 545 3533 ΙΙ
568 3469 602 3519 30
618 3467 670 3521 ills
687 3482 765 3519 suan.
783 3481 820 3516 rr:
839 3467 886 3517 ille
906 3483 968 3521 usn.
986 3471 1015 3523 H
