2294 3780
241 138 315 191 ruo
333 136 764 192 nasrsuusnmssoocrs
786 143 876 192 7-10.
975 139 1034 203 123

67 310 819 437 11
833 310 1035 437 rursu

67 456 459 606 {rusticitius
481 457 1035 606 attulissetis

67 624 143 710 plus
158 626 287 708 capient
301 625 486 709 uoluptatis,
504 647 577 689 cum
591 647 625 689 re
649 630 772 690 aratum
786 563 1061 710 uideaiitqipsums

68 709 318 775 conciliabulum
339 709 544 774 iuuentutis?
565 710 603 773 ad
626 648 697 793 too,
721 711 771 774 uir
792 710 1034 794 perfectissime,

69 815 151 878 opus
165 793 250 858 istud
264 792 370 858 reddit
383 794 538 858 illustrius
559 798 592 858 et
607 815 678 858 cum
692 797 835 878 ipsorum
851 795 1032 878 Caesarum,

67 882 141 943 tum
172 879 268 943 eliam
301 879 444 943 omnium
476 879 643 943 hominum
676 880 817 962 aspectui
844 881 1034 963 promptius

68 963 156 1046 quod
183 963 355 1046 praecipuo
384 966 433 1027 cst
459 963 530 1045 loco
556 963 696 1046 positum
723 963 812 1047 quasi
840 965 925 1028 inter
946 965 1034 1048 ipsos

69 1046 180 1117 oculos
205 1047 359 1131 ciuitatis,
391 1047 475 1111 inter
497 1047 658 1130 Apollinis
680 1049 835 1131 templum
858 1052 953 1132 atque
977 1048 1035 1114 Oa·
1049 1067 1074 1106 10

68 1131 231 1215 pitolium.
281 1152 343 1215 quo
370 1131 473 1217 magis
507 1134 556 1195 est
582 1132 678 1196 etiam
712 1136 916 1196 sacrosancta
945 1133 1035 1197 sedes

68 1215 235 1299 utriusque
256 1215 367 1281 lateris
395 1216 577 1280 ueneranda
605 1216 745 1280 confinio
771 1217 936 1299 utriusque
958 1216 1035 1280 late·

67 1299 148 1363 ralis
175 1299 316 1364 numinis
342 1300 550 1364 instauranda
577 1304 739 1382 respectu,
768 1321 809 1362 ne
836 1300 914 1363 fans
940 1300 1036 1383 longe

68 1383 215 1449 omnium
242 1384 274 1447 in
301 1383 362 1448 hac
389 1385 467 1449 urbe
495 1383 709 1468 pulcherrima
737 1384 823 1447 labes
851 1383 956 1447 media
984 1384 1035 1448 de·

67 1468 201 1550 formet,
226 1469 415 1552 praesertim
442 1490 514 1533 cum
535 1468 616 1532 mihi
643 1468 790 1532 uideatur
811 1468 878 1552 ipse
900 1468 955 1532 ille
981 1469 1035 1551 qui
1049 1486 1073 1525 15

68 1551 245 1616 Maeniana
272 1552 350 1617 haec
371 1553 494 1636 primus
522 1553 663 1618 extruxit
689 1551 807 1616 idcirco
831 1574 868 1616 ea
890 1552 956 1616 illio
978 1575 1034 1636 po·

67 1636 229 1701 tissimum
265 1637 438 1702 collocasse
474 1641 510 1702 ut
542 1638 642 1701 ueluti
681 1639 820 1721 cognato
856 1637 1036 1701 uicinorum

68 1720 133 1785 sibi
147 1721 315 1785 numinum
334 1724 521 1786 tenerentur
537 1722 694 1805 amplexu,
717 1742 789 1785 cnm
809 1744 849 1786 au
876 1721 1036 1785 ustissima

67 1808 156 1869 tecta
176 1804 293 1869 litteris
315 1805 463 1871 dedicata
483 1806 558 1869 inde
575 1805 775 1870 Athenarum
796 1743 957 1870 continu
974 1804 1034 1869 Mi·

68 1910 171 1953 nerua
193 1890 402 1973 conspiceret,
426 1889 502 1954 hinc
524 1890 643 1974 Apollo
665 1889 787 1954 medius
810 1888 1032 1954 Camenarum.
1048 1908 1073 1946 2⁰

134 1971 176 2037 X.
204 1973 308 2058 Igitur
329 1975 374 2038 ibi
396 1974 533 2038 maxime
556 1977 589 2037 et
604 1977 730 2056 oportet
752 1977 784 2037 et
804 1974 855 2037 fas
879 1978 927 2037 est
949 1995 1036 2037 exer·

68 2079 142 2122 cere
164 2058 340 2123 iuuentutis
362 2058 494 2154 ingenia
515 2057 570 2122 ubi
591 2061 660 2121 tam
678 2059 857 2140 propinqua
880 2060 956 2120 sunt
979 2078 1036 2120 nu-

13 2198 20 2210 .
67 2141 160 2205 mina
185 2143 288 2206 amica
314 2141 493 2224 doctnnae,
521 2142 578 2205 ubi
600 2163 638 2205 ex
660 2142 804 2224 proximo
832 2141 923 2204 iuuat
944 2161 1035 2203 mens

68 2225 182 2289 diuina
203 2226 394 2309 sapientiam
416 2229 449 2290 et
470 2225 646 2290 carminum
669 2224 745 2287 deus
768 2245 879 2287 uocem
902 2225 934 2285 et
948 2244 1035 2286 uere·

69 2309 220 2374 cundiam
248 2311 340 2394 uirgo
367 2313 521 2393 perpetua
552 2312 585 2373 et
610 2307 846 2392 prouidentiam
873 2307 1035 2389 praescius
1048 2321 1074 2362 2⁵

67 2394 261 2458 intimorum.
304 2393 351 2458 ibi
377 2395 595 2458 adulescentes
626 2390 738 2475 optimi
765 2390 907 2473 discant,
942 2389 1035 2454 nobis

68 2479 161 2562 qnasi
198 2478 351 2542 sollemne
388 2500 516 2543 carmen
551 2475 788 2561 praesentibus,
824 2475 1035 2538 maximorum

68 2561 253 2646 principum
280 2562 366 2626 facta
392 2563 552 2626 celebrare
589 2562 673 2647 (quis
702 2560 788 2624 enim
814 2560 929 2624 melior
959 2580 1035 2623 usus

68 2649 121 2710 est
142 2646 192 2710 elo
215 2647 392 2733 uentiae‘l),
415 2647 485 2729 ubi,
508 2648 583 2710 ante
605 2666 676 2709 aras
698 2643 930 2727 quodammodo
952 2664 1035 2726 suas,

67 2728 179 2795 Ionios
227 2730 423 2814 erculiosque
446 2730 579 2795 audirmt
593 2728 770 2813 praedicari
784 2729 929 2812 Iuppiter
944 2730 1037 2811 pater
1049 2741 1074 2784 so

70 2816 104 2877 et
124 2814 272 2879 Minerua
297 2815 383 2879 socie
411 2818 443 2879 et
463 2815 545 2879 Iuno
566 2813 705 2897 placata.
751 2814 830 2876 satis
853 2833 903 2875 me
925 2811 1036 2874 uerbo-

68 2918 142 2962 rum
164 2898 279 2963 fecisse
302 2900 452 2982 arbitror,
481 2899 531 2962 uir
556 2896 801 2981 perfectissime,
830 2896 869 2959 de
891 2915 928 2957 eo
951 2894 1036 2977 quod
1125 2935 1134 2951 .

70 2981 151 3046 mihi
173 2982 402 3047 addicendum
430 2983 520 3066 prius
542 2982 784 3064 constitueram,
815 3000 911 3062 quam
934 2979 976 3042 sit
998 3000 1036 3042 ex

141 3190 172 3238 12
190 3186 317 3239 lateralis
333 3189 441 3253 scripsi:
458 3186 516 3238 late
530 3190 565 3249 H,
585 3187 634 3236 del.
649 3186 772 3236 Gruterus
789 3182 799 3249 t
817 3187 849 3234 17
866 3189 896 3234 ut
913 3197 951 3232 w:
971 3182 1036 3233 eeu

69 3254 80 3321 ΙΙ
98 3258 130 3306 18
148 3270 291 3306 numerum
308 3253 397 3320 11126
417 3255 498 3306 uobis
515 3257 538 3303 A
550 3252 560 3319 ΙΙ
578 3255 611 3304 28
629 3268 688 3318 sqq.
707 3252 856 3303 celebrare.
880 3251 941 3316 quis
959 3266 983 3300 e.
1001 3265 1035 3299 m.

70 3339 97 3373 u.
115 3338 140 3375 e.
158 3322 200 3383 el,
219 3338 300 3388 quam
317 3323 365 3373 nbi
384 3327 449 3373 ante
468 3337 583 3372 arcs-
601 3320 715 3387 placata
733 3321 820 3372 Iuno?
838 3320 906 3379 edd,
931 3319 1038 3367 conexi

69 3391 299 3455 interpunctionem
327 3388 338 3455 t
367 3392 400 3442 29
418 3387 478 3457 ubi]
502 3404 583 3456 quam
600 3395 631 3439 ut
649 3401 673 3435 w
702 3384 715 3454 ll
743 3389 776 3439 30
800 3386 921 3436 antiunt
936 3384 1050 3444 scripsi:

71 3456 189 3508 audiant
206 3459 234 3507 Π
256 3454 268 3523 t
292 3460 323 3508 32
342 3454 458 3524 fecisse]
477 3456 582 3512 dixisse
601 3470 627 3508 w
