2294 3780
104 155 146 220 63
426 155 450 208 1.
488 154 520 208 e.
538 155 654 206 rainu
672 154 752 205 ran.

103 305 274 370 hibebatur
302 327 321 368 a
349 304 505 388 principe.
554 302 694 367 faciebas
722 324 816 387 ergo,
852 324 923 367 cum
951 304 1072 368 diceres

104 391 258 474 optimos:
280 411 341 453 nec
363 390 374 451 i
398 409 507 452 sorum
528 387 623 451 modo
645 387 713 451 uita
735 410 754 451 a
776 390 819 468 te,
843 388 898 450 sed
919 387 1073 452 iudicium

105 479 235 540 senatus
251 411 528 557 comprobabatur,
547 473 601 555 qui
616 472 724 535 ornari
739 493 783 554 se,
799 492 867 536 non
882 471 954 536 illos
969 474 1073 558 magis

104 581 183 643 quos
205 557 374 639 laudabas,
396 557 584 621 laetabatur.

79 662 93 703 a
168 641 299 706 LXXII.
337 641 407 705 lam
429 641 515 726 quod
536 644 684 724 precatus
707 661 741 703 es
763 643 800 703 ut
821 639 877 703 illa
897 639 968 723 ipsa
990 641 1074 704 ordi-

104 727 195 791 natio
226 726 428 790 comitiorum
457 727 538 790 bene
567 746 605 790 ac
632 723 771 788 feliciter
798 725 941 788 eueniret
968 725 1072 804 nobis,

104 811 152 874 rei
166 810 324 893 publicae,
339 810 411 893 tibi,
430 831 538 874 nonne
553 808 619 873 tale
635 812 684 874 est
698 812 736 873 ut
749 830 811 873 nos
825 807 913 873 hunc
928 808 1074 873 ordinem

105 897 254 958 uotorum
267 897 455 959 conuertere
468 894 638 958 debeamus
651 893 789 977 deosque
801 893 893 956 enixe
906 893 1074 957 obsecrare

105 981 142 1042 ut
163 979 271 1042 omnia
293 1000 374 1062 quae
396 979 477 1042 facis
499 999 641 1061 quaeque
663 976 762 1041 facies
784 998 936 1060 prospere
959 978 1075 1042 cedant

67 1083 93 1123 10
106 1063 180 1140 tibi,
209 1065 256 1126 rei
277 1063 438 1146 publicae,
467 1062 586 1126 nobis?
624 1062 676 1126 uel
698 1063 727 1125 si
748 1061 876 1125 breuius
899 1062 941 1126 sit
962 1065 1075 1146 optun-

106 1146 192 1229 dum,
213 1150 250 1212 ut
264 1147 319 1210 uni
335 1148 405 1229 tibi,
428 1149 463 1211 in
479 1167 541 1244 quo
557 1150 590 1211 et
603 1168 655 1210 res
669 1146 799 1230 publica
820 1150 852 1211 et
864 1167 926 1211 nos
941 1146 1075 1211 sumus?

104 1231 169 1296 fuit
190 1235 330 1316 tempus,
359 1253 397 1296 ae
418 1231 554 1295 nimium
576 1230 630 1294 diu
651 1231 728 1313 fuit,
758 1252 819 1314 quo
843 1230 906 1294 alia
928 1231 1073 1311 aduerso,

106 1316 171 1380 alia
193 1316 333 1381 secunda
353 1316 494 1400 principi
516 1319 550 1380 et
570 1315 679 1380 nobis:
702 1337 788 1379 nunc
812 1317 992 1379 communia
1014 1317 1076 1380 tibi

106 1400 274 1465 nobiscum
294 1404 362 1465 tam
384 1401 468 1465 laeta
490 1422 586 1484 quam
602 1400 718 1482 tristia,
741 1420 801 1463 nco
823 1400 927 1484 magis
950 1400 1020 1464 sine
1042 1404 1076 1464 te

70 1505 166 1548 151108
195 1505 264 1548 esse
285 1485 395 1549 felices
423 1506 518 1569 quam
540 1488 576 1548 tu
599 1485 669 1549 sine
696 1484 789 1548 nobis
811 1487 914 1566 potes
959 1506 1017 1566 an,
1048 1485 1077 1548 si

107 1588 233 1652 posses,
266 1567 302 1632 in
329 1568 394 1632 fine
420 1572 569 1633 uotorum
598 1568 765 1632 adiecisses
794 1571 831 1630 ut
858 1568 903 1631 ita
928 1569 1075 1651 precibus

107 1653 171 1716 tuis
194 1652 227 1715 di
249 1655 441 1736 annuerent,
473 1653 501 1715 si
521 1652 676 1717 iudicium
697 1655 842 1716 nostrum
868 1653 984 1716 mereri
1005 1674 1077 1736 per-

108 1734 312 1800 seuerasses?
350 1736 429 1800 adeo
451 1735 535 1799 nihil
556 1737 617 1800 tibi
639 1757 745 1800 amore
775 1735 892 1799 ciuium
915 1737 1077 1820 antiquius

108 1823 146 1883 ut
167 1822 242 1883 ante
263 1841 283 1882 a
302 1820 404 1902 nobis,
428 1820 542 1884 deinde
557 1843 577 1884 a
591 1821 639 1885 dis
661 1824 755 1905 atque
770 1820 817 1883 ita
836 1821 876 1884 ab
890 1820 955 1884 illis
976 1823 1077 1885 amari

70 1903 199 1984 souelis,
223 1903 251 1967 si
274 1925 292 1966 a
313 1903 407 1967 nobis
430 1905 555 1968 ameris.
586 1909 619 1968 et
641 1927 717 1969 sane
736 1905 880 1988 priorum
895 1906 1077 1988 principum

109 1987 213 2052 exitus
235 1986 345 2052 docuit
373 2009 414 2052 ne
437 2011 456 2052 a
479 1988 527 2053 dis
555 1989 684 2073 quidem
711 1989 810 2053 amari
835 1989 899 2053 nisi
921 2011 999 2072 quos
1021 1989 1077 2052 ho·

108 2073 213 2137 mines
236 2075 354 2137 ament.
386 2073 518 2136 arduum
538 2077 608 2138 erat
629 2073 688 2137 has
702 2074 902 2157 precationes
924 2077 996 2138 tuas
1011 2074 1077 2137 lau-

109 2157 202 2222 dibus
225 2155 418 2240 adaequare:
453 2157 699 2242 adaequauimus
720 2162 837 2222 tamen.
883 2158 938 2242 qui
959 2158 1078 2221 amoris

110 2241 214 2324 ardor,
244 2242 299 2325 qui
321 2241 458 2324 stimuli,
489 2263 570 2325 quae
592 2242 680 2307 faces
708 2241 780 2306 illas
801 2242 896 2305 nobis
918 2242 1076 2306 exclama·

72 2345 98 2386 25
110 2327 216 2392 tiones
238 2326 456 2391 subiecerunt!
488 2347 554 2391 non
575 2327 689 2409 nostri,
714 2325 840 2408 Caesar,
864 2326 998 2411 ingenii,
1022 2326 1078 2390 sed

110 2421 185 2476 tuae
218 2411 346 2475 uirtutis
373 2414 563 2494 tuorumque
596 2412 782 2475 meritorum
813 2431 907 2475 uoces
936 2410 1077 2489 fuerunt,

111 2515 190 2577 quas
217 2494 307 2557 nulla
333 2515 483 2577 umquam
510 2494 651 2558 adulatio
678 2495 818 2577 inuenit,
847 2494 954 2558 nullus
977 2495 1078 2559 cuius-

110 2597 206 2724 puarn
228 2580 331 2639 terror
353 2578 518 2659 expressit.
562 2599 657 2660 quern
679 2578 725 2641 sic
746 2578 912 2642 timuimus
940 2581 978 2642 ut
998 2578 1078 2642 haec

135 2659 329 2744 ageremus?
352 2681 447 2742 quem
469 2661 515 2724 sic
535 2661 711 2724 amouimus
732 2665 769 2723 ut
783 2660 863 2726 haec
879 2661 1079 2727 fateremur?

73 2765 99 2805 ao
111 2744 199 2810 nosti
216 2743 440 2808 necessitatem
460 2744 638 2808 seruitutis:
663 2746 826 2828 ecquando
841 2747 944 2810 simile
959 2745 1078 2830 aliquid

112 2827 253 2894 audisti?
287 2828 453 2912 ecquando
475 2827 606 2892 dixisti?
644 2830 745 2893 multa
767 2830 895 2913 quidem
917 2831 1080 2914 excogitat

111 2917 226 2994 metus,
248 2911 304 2975 sed
326 2933 408 2996 quae
430 2916 608 3060 appareant
622 2913 764 2996 quaesita
787 2915 828 2978 ab
842 2914 971 2978 inuitis:
994 2913 1079 2977 aliud

113 2995 356 3078 sollicitudinis,
391 2997 456 3061 aliu
509 2999 690 3062 securitatis
720 2998 888 3083 ingenium
916 3002 980 3080 est3
1017 2998 1080 3062 alia

113 3080 256 3144 tristium
276 3081 434 3165 inuentio,
457 3081 521 3145 alia
536 3082 760 3166 gaudentium:
782 3087 931 3147 neutrum
953 3082 1080 3146 simula-

184 3271 200 3320 3
211 3269 258 3334 qui
269 3269 363 3318 ornari
372 3267 546 3322 Subtemine.-
557 3272 705 3338 ornarique
713 3272 741 3319 n
753 3269 763 3337 fl
776 3271 856 3322 biam
867 3271 1080 3322 TloHear-nr'us:

115 3352 180 3388 nem
198 3338 227 3383 Ι
241 3332 284 3400 ΙΙΊ
304 3350 396 3386 nonne
415 3338 504 3388 tibio
524 3336 536 3405 l
555 3340 572 3389 8
589 3337 683 3406 deosq.
702 3340 782 3390 enixe
800 3353 862 3404 epo:
879 3336 945 3388 deos
964 3337 1080 3403 denique

115 3404 136 3454 B
154 3405 188 3452 W
206 3417 254 3454 eos
272 3402 391 3469 denique
409 3404 466 3453 Vb
487 3405 649 3472 eosdemque
667 3422 684 3472 ς
703 3404 714 3472 ll
736 3407 767 3456 12
786 3405 935 3456 diuersaB
956 3403 966 3470 ll
986 3407 1029 3468 30,
1048 3409 1080 3456 31

117 3471 260 3539 ecquando
271 3470 417 3522 Liuineius:
435 3476 464 3522 et
481 3474 589 3539 quando
607 3476 636 3521 Ι
652 3482 758 3538 utroque
775 3475 832 3524 loco
844 3469 854 3538 ΙΙ
866 3475 898 3524 31
918 3472 1082 3524 audiuistic
