2294 3780
109 164 174 229 263
454 163 504 214 xi.
531 161 742 216 naunurrui

110 314 328 399 amplissime.2
378 334 449 377 sum
475 311 569 396 plane
602 314 635 375 et
662 311 773 375 consul
805 312 837 374 et
863 309 1086 394 amplissimus

111 398 232 464 consul.
276 399 325 463 uis
341 398 427 462 enirn
442 417 493 460 me
507 395 571 459 fuit
585 395 722 479 amplior
738 393 857 476 consul,
874 415 968 476 quem
984 393 1082 458 subli-

110 487 178 548 mat
200 487 233 547 et
248 421 387 546 illustrat
410 480 594 546 consulatus
617 500 711 562 quem
725 478 877 559 tribuisti,
901 477 1084 561 amplitudo

73 624 76 628 ,
110 589 206 652 quam
226 566 350 633 tribuis,
388 567 462 648 post
483 564 605 647 primae
629 563 831 630 salutationis
853 562 961 627 fausta
983 562 1082 626 collo-

84 653 200 736 cquia,
231 650 307 734 quid
332 670 390 733 pro
418 649 486 712 iure
514 648 676 712 consulari
704 669 800 732 agere
826 647 921 710 nobis
942 648 1082 731 placeat,

110 736 302 816 sciscitatur,
326 733 521 797 senatorium
543 731 733 815 impleturus
755 731 907 815 officium,
931 731 960 795 si
981 730 1088 795 libeat<

109 819 253 884 tribunal
280 821 404 901 petere,
438 817 467 880 si
498 816 684 882 concionem
714 816 885 898 aduocare,
920 815 948 878 si
977 836 1030 879 ros

110 902 334 969 conscendere.
364 901 419 966 sed
433 923 495 966 nos
518 901 558 964 ad
574 901 694 966 curiam
717 899 884 964 sollemnia
906 899 970 962 diei
984 898 1082 962 huius

110 986 389 1051 senatusconsulta
410 985 579 1050 ducebant.
610 985 718 1068 itaque
741 984 891 1048 comitem
914 1005 947 1048 se
970 984 1083 1048 statim

71 1089 96 1130 ιο
109 1072 242 1155 praebet
276 1075 308 1136 et
336 1073 505 1154 utrumque
537 1070 621 1134 latus
656 1069 839 1133 consulibus
869 1067 1082 1151 praetextatis

109 1158 214 1220 tectus
236 1154 366 1238 incedit,
389 1175 455 1218 non
477 1154 613 1218 multum
629 1153 778 1217 differens
801 1151 1083 1236 amagistratibus

109 1240 175 1305 suis
198 1243 231 1304 et
275 1260 370 1304 enere
393 1243 426 1302 et
449 1239 554 1302 colore
575 1237 722 1302 uestitus.
820 1305 821 1308 ,

172 1322 234 1387 XX
267 1373 273 1388 .
329 1322 531 1407 Superfluum
558 1322 643 1386 forte
670 1321 819 1385 uideatur
846 1341 927 1404 quae
955 1323 1083 1384 uosmet

108 1407 170 1491 ipsi
192 1406 318 1471 uidistis
341 1407 458 1472 iterare
485 1407 601 1491 (neque
624 1406 710 1470 enim
733 1405 863 1469 auribus
886 1407 1084 1488 expetuntur

70 1507 95 1549 15
109 1511 190 1574 quae
224 1491 347 1555 fuerint
379 1495 534 1574 usurpata
567 1490 774 1573 luminibus),
813 1489 868 1553 sed
895 1488 1083 1552 mandanda

109 1579 184 1640 sunt
210 1576 343 1659 litteris,
380 1575 551 1640 inserenda
582 1573 816 1656 monumentis,
853 1572 1012 1637 mittenda
1045 1573 1083 1636 in

107 1662 253 1756 posteros
284 1660 429 1756 uenturis
466 1659 600 1756 saeculis
634 1659 689 1722 uix
722 1657 881 1722 credenda
912 1656 1081 1754 miracula.

107 1745 637 1921 tilliattlluttialntllllie
652 1741 1081 1892 tttttttttttt

69 1928 95 1968 ao
108 1910 288 1993 ratlonique
303 1908 451 1973 cedentes
470 1909 567 1974 sedile
581 1910 661 1974 illud
677 1911 846 1995 dignitatis
861 1910 1080 1994 amplissimae
1107 1952 1111 1957 -

108 2013 344 2076 recusaremus,
364 2078 370 2091 ι
389 1993 454 2058 suis
490 2015 589 2078 prope
630 2016 689 2059 nos
725 1995 873 2058 manibus
909 1994 1080 2078 impositos

107 2082 227 2144 mrxtus
250 2079 372 2228 apmim
393 2080 576 2163 togatorum
594 2080 723 2226 praeire
744 2080 843 2164 pedes
866 2079 982 2162 coepit,
1006 2099 1079 2163 gra-

108 2163 184 2227 dum
211 2186 264 2228 mo
287 2185 379 2227 erans
401 2185 502 2246 paene
531 2163 573 2228 ad
607 2164 717 2230 icteris
747 2166 862 2228 nutum
891 2165 923 2226 et
944 2162 1080 2227 uiatoris

107 2247 287 2330 imperium.
329 2247 437 2311 credet
457 2247 517 2313 hoc
539 2247 653 2331 aliquis
676 2248 731 2331 qui
753 2248 809 2312 illa
831 2250 1080 2330 purpuratorum

68 2348 94 2390 us
107 2331 190 2395 uidit
210 2333 306 2416 paulo
329 2335 405 2396 ante
426 2331 583 2396 fastidia?
605 2333 658 2416 qui
680 2332 752 2396 ideo
774 2335 902 2396 tantum
923 2330 1079 2396 honorem

107 2416 142 2479 in
177 2438 251 2480 suos
287 2439 329 2480 ne
366 2415 540 2480 inhonoros
578 2419 820 2481 contemnerent
857 2415 1076 2481 conferebant.

108 2499 217 2563 credet
232 2500 346 2582 aliquis
357 2503 448 2564 tanto
462 2504 537 2582 post
550 2504 692 2565 ueterem
705 2500 794 2564 illam
806 2500 987 2584 priscorum
997 2503 1077 2564 tem·

106 2603 222 2666 porum
237 2584 418 2647 libertatem
438 2584 485 2645 rei
499 2583 647 2665 publicae
668 2584 850 2649 redditam?
871 2585 1078 2668 nequeenim

107 2686 167 2750 ego
188 2666 279 2730 Lucii
301 2665 394 2729 Bruti
417 2670 450 2729 et
471 2666 578 2731 Publii
599 2667 736 2749 Ualerii,
760 2669 814 2752 qui
836 2669 932 2753 primi
955 2668 1077 2732 exactis

68 2769 93 2810 ³⁰
107 2749 247 2900 {stlta
266 2752 968 2921 w{npgpgpefflpupupafpffig
991 2773 1076 2902 tt

175 3075 188 3121 l
208 3077 236 3122 et
252 3074 276 3122 A
294 3075 382 3126 Bert.:
400 3091 447 3126 om.
465 3075 486 3123 Β
505 3078 522 3124 0
542 3077 563 3123 V
581 3076 613 3125 W
642 3073 652 3141 ΙΙ
682 3078 883 3127 deductorium
899 3077 920 3125 Β
939 3076 973 3125 V:
994 3090 1080 3128 sena·

106 3145 195 3190 torum
212 3141 235 3189 A
253 3142 270 3187 0
287 3144 320 3190 W
350 3140 360 3206 11
390 3144 406 3191 8
428 3142 508 3192 huius
531 3142 624 3192 dieto
653 3140 665 3208 ll
694 3145 726 3194 10
749 3144 907 3195 consulibus
925 3144 956 3194 P.
974 3144 1075 3195 Fater:

106 3206 265 3258 consulatus
283 3210 311 3255 Μ
340 3207 350 3274 ΙΙ
381 3211 413 3258 12
437 3213 465 3260 et
487 3224 584 3273 genere
603 3211 626 3259 A
642 3209 732 3262 Bere:
759 3228 805 3262 om.
825 3212 845 3260 Β
864 3215 881 3260 0
899 3213 922 3261 V
940 3212 972 3261 W
1002 3209 1012 3277 ss
1044 3214 1076 3262 14

106 3274 200 3326 iterari
221 3275 294 3328 Bere.
319 3273 329 3340 ΙΙ
355 3276 387 3325 15
405 3275 518 3327 fuerunt
535 3279 660 3343 Jaeperur
688 3275 699 3343 ll
728 3280 759 3328 21
778 3280 904 3330 manibus
921 3294 1007 3344 prope
1025 3293 1076 3330 nos

104 3341 179 3393 Bert.
210 3339 220 3405 ll
250 3345 282 3393 22
305 3344 394 3408 coepit
417 3343 497 3408 pedes
520 3347 537 3393 0
567 3342 578 3410 ΙΙ
607 3347 641 3397 25
663 3345 778 3396 fastidia
799 3348 822 3396 A
844 3346 936 3396 Bere:
960 3346 1075 3409 fastigia

103 3410 124 3458 Β
142 3410 159 3526 Ι0
179 3410 250 3527 VAW
270 3408 280 3476 ΙΙ
301 3413 334 3461 26
352 3410 501 3462 inhonoros
520 3427 548 3477 ςε
566 3413 596 3462 iu
614 3413 730 3465 honores
748 3413 775 3460 n
796 3410 806 3478 Ε
829 3416 863 3464 29
880 3414 937 3464 luci
955 3422 981 3464 el
998 3413 1075 3480 publi

105 3491 192 3528 uaeu
