2294 3780
116 153 180 217 215
446 153 481 204 x.
510 151 660 204 nrzrnn
676 150 756 204 Par.

117 305 180 368 iam
195 307 321 387 patrem
341 301 495 383 sentiens,
519 301 547 363 si
562 300 638 384 quid
651 301 808 365 intectum
828 303 884 364 aut
897 321 1012 384 parens
1029 302 1089 364 ant

116 388 216 451 frater
237 389 394 468 reseruet,
417 385 558 448 declarat
579 405 654 448 mox
676 385 829 449 uictorem
851 384 1005 467 futurum,
1028 384 1087 468 qui

118 473 225 536 animo
247 472 312 535 iam
333 490 419 535 auno
440 469 543 532 uincit
564 472 712 534 aetatem.
756 469 881 552 rapitur
903 469 1020 552 quippe
1043 468 1086 532 ad

118 555 360 621 similitudinem
382 575 511 616 suorum
534 553 690 617 excellens
706 574 848 636 quaeque
869 555 1000 637 natum
1022 573 1086 617 neo

92 641 238 704 usensim
260 660 296 703 ac
311 639 398 702 lente
415 637 568 701 indicium
583 637 702 720 promit
717 638 802 720 boni,
825 659 897 701 cum
918 637 1090 701 inuolucra

117 722 274 787 infantiae
295 721 438 786 uiuidum
459 721 548 804 rupit
568 721 744 805 ingenium.
782 722 866 785 unde
889 721 975 784 enim
995 720 1086 803 prin·

119 807 198 890 cipis
221 806 352 869 maximi
366 809 432 869 tam
449 805 566 869 effusus
581 805 616 868 in
630 805 746 869 liberos
763 805 897 888 animus,
921 805 984 868 nisi
998 805 1085 888 quod

117 891 183 954 iam
204 890 239 953 in
261 890 325 953 illis
347 889 553 953 simulacrum
574 890 624 952 sui
646 889 827 973 conspicit?

182 973 239 1038 IV.
285 973 495 1038 Commendet
518 973 724 1038 inferioribus
751 994 826 1037 suos
854 972 921 1036 sola
946 971 1086 1036 necessi-

80 1076 106 1116 ιο
118 1057 196 1121 tudo
222 1061 373 1141 naturae,
402 1061 434 1122 et
455 1058 701 1140 qualescumque
722 1057 861 1141 diligant
876 1057 937 1139 ,qui
963 1057 998 1119 in
1019 1055 1088 1119 illis

119 1142 202 1226 quod
223 1163 261 1205 ex
283 1164 316 1206 se
332 1142 515 1206 desiderent
534 1162 602 1206 non
617 1140 751 1205 habent:
773 1140 1087 1224 praestantissimum

118 1226 297 1309 principem
319 1226 381 1289 hoc
408 1224 657 1297 maximeiuuat
683 1225 767 1308 quod
793 1225 829 1289 in
851 1224 946 1288 annis
966 1224 1088 1306 primo·

118 1309 207 1374 ribus
229 1311 293 1374 iam
310 1313 385 1373 sunt
400 1310 514 1373 ductae
528 1309 633 1373 lineae
648 1311 762 1392 quibus
784 1310 940 1372 uirtutum
956 1329 1087 1371 suarum

120 1393 242 1478 effigies
264 1395 367 1476 possit
388 1394 523 1477 includi3
552 1396 584 1457 et
604 1397 698 1476 pater
719 1393 872 1477 optimus,
897 1392 952 1456 sed
971 1391 1088 1456 melior

81 1477 308 1560 simperaror,
336 1498 404 1541 non
431 1480 499 1540 tam
525 1477 587 1541 sibi
614 1499 709 1561 quam
737 1477 932 1561 reipublicae
955 1476 1087 1560 gaudet,

121 1583 193 1624 cum
220 1561 337 1624 liberos
365 1561 427 1624 sibi
461 1561 580 1624 similes
607 1561 760 1625 intuetur.
805 1560 919 1644 quibus
947 1559 986 1623 ad
1013 1582 1088 1643 per-

118 1644 255 1708 ficienda
276 1665 357 1727 quae
379 1648 570 1728 ingenerata
591 1649 668 1710 sunt
688 1645 775 1710 bona
802 1652 868 1709 non
890 1644 999 1728 segnis
1020 1644 1090 1707 uir-

118 1730 224 1791 tutum
246 1728 353 1811 opifex
375 1728 544 1810 disciplina
573 1729 794 1813 coniungitur,
824 1731 861 1791 ut
882 1750 954 1811 spes
977 1728 1090 1810 aequi·

89 1828 92 1833 ·
118 1811 255 1894 parandi
275 1812 377 1893 patris
401 1814 486 1874 certa
507 1812 558 1875 sit.
604 1811 721 1894 quippe
742 1812 867 1876 indoles
890 1812 1003 1876 similis
1027 1821 1089 1895 est,

81 1910 107 1952 so
121 1894 177 1958 sed
203 1894 262 1957 sub
297 1893 408 1957 eodem
440 1895 594 1978 magistro
624 1894 767 1959 discendi
794 1896 924 1960 fortuna
951 1895 1089 1962 felicior.

119 1978 226 2060 ipsum
247 1980 395 2042 atenero
418 1979 592 2061 intuentes,
615 1979 650 2042 in
671 1980 776 2063 ipsum
798 1981 898 2045 oculis
921 2001 958 2044 eo
980 1984 1090 2045 mente

120 2064 265 2126 conuersi
300 2061 383 2124 nihil
417 2063 456 2126 ab
492 2063 558 2127 eius
597 2064 869 2147 contemplatione
903 2064 1089 2146 deflectunt,

119 2147 234 2210 incerti
261 2146 418 2210 mirentur
446 2168 488 2210 an
510 2147 566 2210 dili
590 2151 660 2232 ant3
689 2149 752 2212 nisi
774 2148 858 2232 quod
885 2169 1016 2212 necesse
1037 2154 1092 2214 est

119 2234 288 2314 utrumque
310 2231 467 2314 permixte
490 2169 588 2295 simui
605 2231 684 2296 fieri.
724 2254 800 2295 nam
823 2236 855 2297 et
878 2254 966 2296 amor
987 2233 1089 2296 facto·

81 2329 190 2378 rorum
213 2314 450 2379 commendator
473 2318 537 2398 est,
566 2315 651 2378 unde
672 2317 816 2380 nascitur
838 2316 1022 2399 admiratio,
1055 2320 1091 2381 et

119 2399 204 2463 facta
233 2421 305 2462 oum
331 2399 412 2463 mira
440 2403 516 2463 sunt
542 2421 682 2463 amorem
709 2401 848 2464 inuicem
876 2394 996 2465 creairt.
1041 2400 1091 2465 ita

120 2483 338 2563 spectantibus
359 2482 478 2564 liberis,
502 2483 653 2566 quicquid
675 2485 715 2547 ab
738 2505 776 2547 co
796 2484 1010 2568 pulcherrime
1057 2506 1089 2548 e-

119 2566 211 2647 ritur,
236 2587 307 2628 cum
329 2569 460 2648 propter
481 2566 586 2648 ipsum
607 2568 711 2650 magis
733 2568 868 2652 placuit,
891 2571 960 2633 tum
983 2570 1035 2631 stu
1059 2569 1090 2633 'o

120 2647 310 2712 imitationis
331 2649 489 2713 inolescit.
526 2650 592 2712 iam
613 2650 673 2713 tibi
695 2653 823 2734 quidem
845 2653 880 2716 in
903 2652 1087 2735 crudiend0‚

80 2731 291 2815 coimperator
319 2732 452 2815 optime,
486 2753 553 2795 non
582 2735 689 2797 omnia
715 2736 978 2819 proponebantur
1006 2757 1090 2820 quae

189 2921 203 2967 1
221 2922 276 2967 iarn
293 2923 401 2983 patrem
417 2920 439 2966 A
458 2919 548 2969 Besa:
566 2935 612 2970 om.
629 2921 758 2969 ΜΠ
781 2920 791 2987 ss
819 2926 834 2972 2
854 2920 988 2985 declarat]
1008 2922 1090 2975 dede·

120 2989 163 3034 rat
181 2986 198 3033 0
213 2982 217 3049 Ι
231 2993 294 3048 puto
311 2988 444 3035 uictorem
463 2986 599 3035 facturum
622 2985 632 3051 ΙΙ
656 2991 671 3038 3
690 3004 762 3038 nunc
780 3006 841 3055 epo.-
859 3007 906 3040 om.
925 2992 953 3038 Ι
975 2988 986 3055 ΙΙ
1009 2992 1026 3040 6
1043 3005 1089 3041 ru-

119 3053 161 3116 pit
179 3066 208 3117 ςι
226 3052 328 3116 rumpit
345 3054 373 3100 Ι
390 3051 542 3117 lprineipes
558 3053 582 3101 A
598 3051 608 3118 ss
625 3056 640 3104 ‘1
658 3055 765 3106 infusus
783 3058 816 3105 W
832 3055 841 3122 {l
858 3061 874 3109 8
891 3059 947 3107 iam
967 3057 1041 3123 quod
1058 3059 1089 3108 in

120 3118 177 3167 illis
194 3118 217 3166 A
235 3119 306 3182 quod
324 3119 353 3168 in
372 3119 428 3170 illis
447 3121 501 3168 iam
520 3123 537 3169 0
567 3117 578 3185 ll
608 3123 640 3171 10
659 3123 749 3186 quiin
767 3124 814 3172 W=
834 3125 900 3189 quin
917 3126 978 3174 AB
996 3126 1014 3172 0
1032 3126 1055 3173 V
1080 3122 1090 3191 ΙΙ

122 3186 153 3234 12
170 3186 333 3248 primoribus
352 3189 382 3235 G:
401 3187 574 3251 primioribus
586 3190 614 3236 Ι
626 3186 636 3254 ΙΙ
649 3192 680 3239 13
699 3188 809 3254 quibus]
830 3206 944 3255 quarum
955 3194 987 3244 A.
1005 3195 1090 3243 malim

121 3266 136 3301 e
157 3251 255 3317 quibus
273 3255 406 3304 uirtutum
425 3254 577 3305 futurarum
596 3256 641 3306 eff.
659 3271 730 3321 poss.
750 3257 877 3307 concludi
901 3257 911 3322 ΙΙ
941 3262 974 3309 14
991 3264 1090 3324 posset

121 3321 247 3380 1,corr.
266 3322 398 3371 Acidalius
427 3319 437 3386 ΙΙ
468 3323 498 3371 17
518 3327 650 3386 generata
667 3324 701 3370 W
721 3322 726 3385 Ι
749 3326 831 3373 malim
848 3340 904 3376 non
923 3327 1055 3391 segnibus
1079 3324 1090 3393 ll

121 3388 153 3437 19
177 3383 308 3438 similest
326 3404 385 3452 epo:
414 3389 517 3439 similes
536 3391 563 3437 Al
585 3389 675 3439 indole
698 3389 802 3439 similes
821 3394 879 3446 edd.
909 3390 920 3459 Ι]
950 3396 983 3446 29
1005 3396 1090 3446 muca

120 3454 150 3504 in
167 3454 318 3506 rudimento
342 3452 352 3520 ΙΙ
376 3459 409 3507 30
425 3456 576 3521 proponeb.
593 3469 631 3506 w:
649 3457 796 3522 preponeb.
813 3459 841 3507 Η

748 3566 857 3743 Ὗ,
