<?xml version="1.0" encoding="UTF-8"?>
<!DOCTYPE html PUBLIC "-//W3C//DTD XHTML 1.0 Transitional//EN"
    "http://www.w3.org/TR/xhtml1/DTD/xhtml1-transitional.dtd">
<html xmlns="http://www.w3.org/1999/xhtml" xml:lang="en" lang="en">
 <head>
  <title>
</title>
<meta http-equiv="Content-Type" content="text/html;charset=utf-8" />
  <meta name='ocr-system' content='tesseract 3.04.00' />
  <meta name='ocr-capabilities' content='ocr_page ocr_carea ocr_par ocr_line ocrx_word'/>
</head>
<body>
  <div class='ocr_page' id='page_1' title='image "./xiipanegyricila00baehgoog_0104.png"; bbox 0 0 2294 3780; ppageno 0'>
   <div class='ocr_carea' id='block_1_1' title="bbox 412 141 1068 206">
    <p class='ocr_par' dir='ltr' id='par_1_1' title="bbox 412 141 1068 206">
     <span class='ocr_line' id='line_1_1' title="bbox 412 141 1068 206; baseline -0.005 -10"><span class='ocrx_word' id='word_1_1' title='bbox 412 143 571 196; x_wconf 79' lang='lat' dir='ltr'>TRAIANO</span> <span class='ocrx_word' id='word_1_2' title='bbox 590 144 624 197; x_wconf 87' lang='lat' dir='ltr'><strong>D.</strong></span> <span class='ocrx_word' id='word_1_3' title='bbox 649 145 758 196; x_wconf 77' lang='lat'><strong>71-74.</strong></span> <span class='ocrx_word' id='word_1_4' title='bbox 1026 141 1068 206; x_wconf 88' lang='grc'><strong>69</strong></span> 
     </span>
    </p>
   </div>
   <div class='ocr_carea' id='block_1_2' title="bbox 101 292 1071 390">
    <p class='ocr_par' dir='ltr' id='par_1_2' title="bbox 101 292 1071 390">
     <span class='ocr_line' id='line_1_2' title="bbox 101 292 1071 390; baseline 0.002 -34"><span class='ocrx_word' id='word_1_5' title='bbox 101 293 208 357; x_wconf 89' lang='lat' dir='ltr'><strong>tiones</strong></span> <span class='ocrx_word' id='word_1_6' title='bbox 230 293 453 390; x_wconf 79' lang='lat' dir='ltr'><strong>expresserint.</strong></span> <span class='ocrx_word' id='word_1_7' title='bbox 498 292 621 357; x_wconf 88' lang='lat' dir='ltr'><strong>habent</strong></span> <span class='ocrx_word' id='word_1_8' title='bbox 649 314 707 356; x_wconf 88' lang='lat' dir='ltr'><strong>sua</strong></span> <span class='ocrx_word' id='word_1_9' title='bbox 732 293 831 357; x_wconf 86' lang='lat' dir='ltr'><strong>uerba</strong></span> <span class='ocrx_word' id='word_1_10' title='bbox 857 294 980 376; x_wconf 90' lang='lat' dir='ltr'><strong>miseri,</strong></span> <span class='ocrx_word' id='word_1_11' title='bbox 1013 314 1071 358; x_wconf 90' lang='lat' dir='ltr'><strong>sua</strong></span> 
     </span>
    </p>
   </div>
   <div class='ocr_carea' id='block_1_3' title="bbox 100 376 1113 2806">
    <p class='ocr_par' dir='ltr' id='par_1_3' title="bbox 101 376 1069 525">
     <span class='ocr_line' id='line_1_3' title="bbox 101 376 1069 525; baseline 0 -84"><span class='ocrx_word' id='word_1_12' title='bbox 101 379 202 525; x_wconf 69' lang='lat' dir='ltr'><strong>qarbu</strong></span> <span class='ocrx_word' id='word_1_13' title='bbox 225 376 353 442; x_wconf 79' lang='lat' dir='ltr'><strong>felices:</strong></span> <span class='ocrx_word' id='word_1_14' title='bbox 377 377 466 461; x_wconf 87' lang='lat' dir='ltr'><strong>atqui</strong></span> <span class='ocrx_word' id='word_1_15' title='bbox 488 377 553 441; x_wconf 89' lang='lat' dir='ltr'><strong>iam</strong></span> <span class='ocrx_word' id='word_1_16' title='bbox 576 377 712 441; x_wconf 82' lang='lat' dir='ltr'><strong>maxime</strong></span> <span class='ocrx_word' id='word_1_17' title='bbox 735 377 844 442; x_wconf 89' lang='lat' dir='ltr'><strong>eadem</strong></span> <span class='ocrx_word' id='word_1_18' title='bbox 866 377 907 440; x_wconf 88' lang='lat' dir='ltr'><strong>ab</strong></span> <span class='ocrx_word' id='word_1_19' title='bbox 926 378 1069 461; x_wconf 87' lang='lat' dir='ltr'><strong>utrisque</strong></span> 
     </span>
     <span class='ocr_line' id='line_1_4' title="bbox 124 462 266 525; baseline -0.007 0"><span class='ocrx_word' id='word_1_20' title='bbox 124 462 266 525; x_wconf 90' lang='lat' dir='ltr'><strong>icuntur.</strong></span> 
     </span>
    </p>

    <p class='ocr_par' dir='ltr' id='par_1_4' title="bbox 100 544 1113 2487">
     <span class='ocr_line' id='line_1_5' title="bbox 164 544 1069 629; baseline 0 -20"><span class='ocrx_word' id='word_1_21' title='bbox 164 544 315 610; x_wconf 87' lang='lat' dir='ltr'>LXXIII.</span> <span class='ocrx_word' id='word_1_22' title='bbox 370 545 474 610; x_wconf 87' lang='lat' dir='ltr'><strong>Testis</strong></span> <span class='ocrx_word' id='word_1_23' title='bbox 504 545 573 629; x_wconf 88' lang='lat' dir='ltr'><strong>ipse</strong></span> <span class='ocrx_word' id='word_1_24' title='bbox 601 567 634 609; x_wconf 92' lang='lat' dir='ltr'><strong>es</strong></span> <span class='ocrx_word' id='word_1_25' title='bbox 668 567 748 629; x_wconf 90' lang='lat' dir='ltr'><strong>quae</strong></span> <span class='ocrx_word' id='word_1_26' title='bbox 775 546 811 609; x_wconf 93' lang='lat' dir='ltr'><strong>in</strong></span> <span class='ocrx_word' id='word_1_27' title='bbox 838 546 983 609; x_wconf 90' lang='lat' dir='ltr'><strong>omnium</strong></span> <span class='ocrx_word' id='word_1_28' title='bbox 1015 567 1069 609; x_wconf 90' lang='lat' dir='ltr'><strong>ore</strong></span> 
     </span>
     <span class='ocr_line' id='line_1_6' title="bbox 100 629 1096 714; baseline -0.004 -20"><span class='ocrx_word' id='word_1_29' title='bbox 100 630 236 694; x_wconf 87' lang='lat' dir='ltr'><strong>laetitia.</strong></span> <span class='ocrx_word' id='word_1_30' title='bbox 280 650 348 693; x_wconf 89' lang='lat' dir='ltr'><strong>non</strong></span> <span class='ocrx_word' id='word_1_31' title='bbox 375 631 511 694; x_wconf 89' lang='lat' dir='ltr'><strong>amictus</strong></span> <span class='ocrx_word' id='word_1_32' title='bbox 539 630 700 713; x_wconf 90' lang='lat' dir='ltr'><strong>cuiquam,</strong></span> <span class='ocrx_word' id='word_1_33' title='bbox 732 651 799 694; x_wconf 89' lang='lat' dir='ltr'><strong>non</strong></span> <span class='ocrx_word' id='word_1_34' title='bbox 821 629 949 694; x_wconf 86' lang='lat' dir='ltr'><strong>habitus</strong></span> <span class='ocrx_word' id='word_1_35' title='bbox 976 651 1096 714; x_wconf 82' lang='lat' dir='ltr'><strong>quems</strong></span> 
     </span>
     <span class='ocr_line' id='line_1_7' title="bbox 101 713 1072 779; baseline 0.001 -1"><span class='ocrx_word' id='word_1_36' title='bbox 101 715 196 778; x_wconf 91' lang='lat' dir='ltr'><strong>domo</strong></span> <span class='ocrx_word' id='word_1_37' title='bbox 218 716 386 779; x_wconf 87' lang='lat' dir='ltr'><strong>extulerat.</strong></span> <span class='ocrx_word' id='word_1_38' title='bbox 415 713 490 778; x_wconf 90' lang='lat' dir='ltr'><strong>inde</strong></span> <span class='ocrx_word' id='word_1_39' title='bbox 511 713 701 778; x_wconf 75' lang='lat' dir='ltr'><strong>resultantia</strong></span> <span class='ocrx_word' id='word_1_40' title='bbox 721 715 853 779; x_wconf 90' lang='lat' dir='ltr'><strong>uocibus</strong></span> <span class='ocrx_word' id='word_1_41' title='bbox 869 717 956 779; x_wconf 86' lang='lat' dir='ltr'><strong>tecta</strong></span> <span class='ocrx_word' id='word_1_42' title='bbox 977 714 1072 779; x_wconf 87' lang='lat' dir='ltr'><strong>nihil-</strong></span> 
     </span>
     <span class='ocr_line' id='line_1_8' title="bbox 100 796 1072 882; baseline 0.001 -20"><span class='ocrx_word' id='word_1_43' title='bbox 100 819 163 882; x_wconf 89' lang='lat' dir='ltr'><strong>que</strong></span> <span class='ocrx_word' id='word_1_44' title='bbox 184 799 285 862; x_wconf 89' lang='lat' dir='ltr'><strong>tantis</strong></span> <span class='ocrx_word' id='word_1_45' title='bbox 308 798 502 863; x_wconf 89' lang='lat' dir='ltr'><strong>clamoribus</strong></span> <span class='ocrx_word' id='word_1_46' title='bbox 524 799 603 862; x_wconf 89' lang='lat' dir='ltr'><strong>satis</strong></span> <span class='ocrx_word' id='word_1_47' title='bbox 625 796 777 863; x_wconf 87' lang='lat' dir='ltr'><strong>clausum.</strong></span> <span class='ocrx_word' id='word_1_48' title='bbox 811 798 882 882; x_wconf 90' lang='lat' dir='ltr'><strong>quis</strong></span> <span class='ocrx_word' id='word_1_49' title='bbox 903 803 983 863; x_wconf 91' lang='lat' dir='ltr'><strong>tunc</strong></span> <span class='ocrx_word' id='word_1_50' title='bbox 1004 820 1072 863; x_wconf 87' lang='lat' dir='ltr'><strong>non</strong></span> 
     </span>
     <span class='ocr_line' id='line_1_9' title="bbox 101 881 1072 968; baseline -0.002 -20"><span class='ocrx_word' id='word_1_51' title='bbox 101 905 119 948; x_wconf 90' lang='lat' dir='ltr'><strong>e</strong></span> <span class='ocrx_word' id='word_1_52' title='bbox 141 883 280 968; x_wconf 82' lang='lat' dir='ltr'><strong>uestigio</strong></span> <span class='ocrx_word' id='word_1_53' title='bbox 302 904 360 948; x_wconf 91' lang='lat' dir='ltr'><strong>suo</strong></span> <span class='ocrx_word' id='word_1_54' title='bbox 383 881 519 947; x_wconf 82' lang='lat' dir='ltr'><strong>exiluit?</strong></span> <span class='ocrx_word' id='word_1_55' title='bbox 546 882 617 966; x_wconf 90' lang='lat' dir='ltr'><strong>quis</strong></span> <span class='ocrx_word' id='word_1_56' title='bbox 640 883 789 947; x_wconf 82' lang='lat' dir='ltr'><strong>exiluisse</strong></span> <span class='ocrx_word' id='word_1_57' title='bbox 812 883 936 948; x_wconf 78' lang='lat' dir='ltr'><strong>sensit?</strong></span> <span class='ocrx_word' id='word_1_58' title='bbox 970 882 1072 947; x_wconf 87' lang='lat' dir='ltr'><strong>multa</strong></span> 
     </span>
     <span class='ocr_line' id='line_1_10' title="bbox 101 966 1071 1050; baseline 0 -19"><span class='ocrx_word' id='word_1_59' title='bbox 101 967 236 1031; x_wconf 81' lang='lat' dir='ltr'><strong>fecimus</strong></span> <span class='ocrx_word' id='word_1_60' title='bbox 258 990 274 1032; x_wconf 93' lang='lat' dir='ltr'><strong>s</strong></span> <span class='ocrx_word' id='word_1_61' title='bbox 297 970 388 1050; x_wconf 88' lang='lat' dir='ltr'><strong>onte,</strong></span> <span class='ocrx_word' id='word_1_62' title='bbox 411 967 505 1050; x_wconf 88' lang='lat' dir='ltr'><strong>plura</strong></span> <span class='ocrx_word' id='word_1_63' title='bbox 526 966 682 1031; x_wconf 89' lang='lat' dir='ltr'><strong>instinctu</strong></span> <span class='ocrx_word' id='word_1_64' title='bbox 704 967 844 1050; x_wconf 89' lang='lat' dir='ltr'><strong>quodam</strong></span> <span class='ocrx_word' id='word_1_65' title='bbox 866 970 899 1032; x_wconf 87' lang='lat' dir='ltr'><strong>et</strong></span> <span class='ocrx_word' id='word_1_66' title='bbox 919 968 1071 1050; x_wconf 89' lang='lat' dir='ltr'><strong>imperio:</strong></span> 
     </span>
     <span class='ocr_line' id='line_1_11' title="bbox 101 991 1110 1220; baseline 0 -20"><span class='ocrx_word' id='word_1_67' title='bbox 101 991 642 1201; x_wconf 65' lang='lat' dir='ltr'><strong>tttstltstttdidd</strong></span> <span class='ocrx_word' id='word_1_68' title='bbox 655 1051 1072 1220; x_wconf 60' lang='lat' dir='ltr'><strong>illidiiinduntullii</strong></span> <span class='ocrx_word' id='word_1_69' title='bbox 1085 1072 1110 1112; x_wconf 80' lang='lat'><strong>¹⁰</strong></span> 
     </span>
     <span class='ocr_line' id='line_1_12' title="bbox 101 1186 1072 1305; baseline -0.001 -20"><span class='ocrx_word' id='word_1_70' title='bbox 101 1221 208 1305; x_wconf 83' lang='lat' dir='ltr'><strong>magis</strong></span> <span class='ocrx_word' id='word_1_71' title='bbox 231 1243 250 1284; x_wconf 88' lang='lat' dir='ltr'><strong>a</strong></span> <span class='ocrx_word' id='word_1_72' title='bbox 271 1224 305 1286; x_wconf 90' lang='lat' dir='ltr'><strong>te</strong></span> <span class='ocrx_word' id='word_1_73' title='bbox 326 1219 570 1305; x_wconf 76' lang='lat' dir='ltr'><strong>reprimebatur,</strong></span> <span class='ocrx_word' id='word_1_74' title='bbox 594 1220 792 1284; x_wconf 79' lang='lat' dir='ltr'><strong>exarsimus?</strong></span> <span class='ocrx_word' id='word_1_75' title='bbox 819 1242 887 1285; x_wconf 91' lang='lat' dir='ltr'><strong>non</strong></span> <span class='ocrx_word' id='word_1_76' title='bbox 909 1186 1072 1284; x_wconf 61' lang='lat' dir='ltr'><strong>contuma-</strong></span> 
     </span>
     <span class='ocr_line' id='line_1_13' title="bbox 102 1304 1072 1389; baseline -0.002 -19"><span class='ocrx_word' id='word_1_77' title='bbox 102 1306 166 1387; x_wconf 90' lang='lat' dir='ltr'><strong>cia,</strong></span> <span class='ocrx_word' id='word_1_78' title='bbox 189 1304 321 1389; x_wconf 60' lang='lat' dir='ltr'><strong>(laesam</strong></span> <span class='ocrx_word' id='word_1_79' title='bbox 348 1305 403 1369; x_wconf 90' lang='lat' dir='ltr'><strong>sed</strong></span> <span class='ocrx_word' id='word_1_80' title='bbox 424 1308 463 1368; x_wconf 90' lang='lat' dir='ltr'><strong>ut</strong></span> <span class='ocrx_word' id='word_1_81' title='bbox 483 1305 518 1368; x_wconf 91' lang='lat' dir='ltr'><strong>in</strong></span> <span class='ocrx_word' id='word_1_82' title='bbox 538 1308 594 1367; x_wconf 89' lang='lat' dir='ltr'><strong>tua</strong></span> <span class='ocrx_word' id='word_1_83' title='bbox 615 1307 776 1387; x_wconf 84' lang='lat' dir='ltr'><strong>potestate</strong></span> <span class='ocrx_word' id='word_1_84' title='bbox 798 1306 847 1369; x_wconf 87' lang='lat' dir='ltr'><strong>est</strong></span> <span class='ocrx_word' id='word_1_85' title='bbox 869 1326 911 1367; x_wconf 91' lang='lat' dir='ltr'><strong>an</strong></span> <span class='ocrx_word' id='word_1_86' title='bbox 958 1304 1072 1368; x_wconf 88' lang='lat' dir='ltr'><strong>audea-</strong></span> 
     </span>
     <span class='ocr_line' id='line_1_14' title="bbox 101 1325 1073 1474; baseline -0.002 -21"><span class='ocrx_word' id='word_1_87' title='bbox 101 1411 185 1472; x_wconf 85' lang='lat' dir='ltr'><strong>mus,</strong></span> <span class='ocrx_word' id='word_1_88' title='bbox 209 1389 257 1453; x_wconf 86' lang='lat' dir='ltr'><strong>ita</strong></span> <span class='ocrx_word' id='word_1_89' title='bbox 277 1390 313 1453; x_wconf 90' lang='lat' dir='ltr'><strong>in</strong></span> <span class='ocrx_word' id='word_1_90' title='bbox 335 1392 492 1474; x_wconf 88' lang='lat' dir='ltr'><strong>quantum</strong></span> <span class='ocrx_word' id='word_1_91' title='bbox 513 1410 572 1453; x_wconf 90' lang='lat' dir='ltr'><strong>nec</strong></span> <span class='ocrx_word' id='word_1_92' title='bbox 592 1388 626 1452; x_wconf 89' lang='lat' dir='ltr'><strong>in</strong></span> <span class='ocrx_word' id='word_1_93' title='bbox 649 1392 768 1452; x_wconf 85' lang='lat' dir='ltr'><strong>nostra.</strong></span> <span class='ocrx_word' id='word_1_94' title='bbox 806 1325 1020 1472; x_wconf 61' lang='lat' dir='ltr'><strong>comprolasti</strong></span> <span class='ocrx_word' id='word_1_95' title='bbox 1041 1390 1073 1452; x_wconf 90' lang='lat' dir='ltr'><strong>et</strong></span> 
     </span>
     <span class='ocr_line' id='line_1_15' title="bbox 103 1472 1111 1558; baseline -0.007 -20"><span class='ocrx_word' id='word_1_96' title='bbox 103 1475 174 1558; x_wconf 88' lang='lat' dir='ltr'><strong>ipse</strong></span> <span class='ocrx_word' id='word_1_97' title='bbox 210 1474 475 1538; x_wconf 89' lang='lat' dir='ltr'><strong>acclamationum</strong></span> <span class='ocrx_word' id='word_1_98' title='bbox 519 1476 702 1538; x_wconf 87' lang='lat' dir='ltr'><strong>nostrarum</strong></span> <span class='ocrx_word' id='word_1_99' title='bbox 737 1472 834 1537; x_wconf 91' lang='lat' dir='ltr'><strong>fidem</strong></span> <span class='ocrx_word' id='word_1_100' title='bbox 869 1472 1072 1537; x_wconf 87' lang='lat' dir='ltr'><strong>lacrimarum</strong></span> <span class='ocrx_word' id='word_1_101' title='bbox 1085 1491 1111 1532; x_wconf 84' lang='lat'><strong>15</strong></span> 
     </span>
     <span class='ocr_line' id='line_1_16' title="bbox 103 1555 1072 1623; baseline -0.001 -1"><span class='ocrx_word' id='word_1_102' title='bbox 103 1563 233 1623; x_wconf 87' lang='lat' dir='ltr'><strong>tuarum</strong></span> <span class='ocrx_word' id='word_1_103' title='bbox 260 1559 405 1623; x_wconf 86' lang='lat' dir='ltr'><strong>ueritate.</strong></span> <span class='ocrx_word' id='word_1_104' title='bbox 450 1558 588 1622; x_wconf 89' lang='lat' dir='ltr'><strong>uidimus</strong></span> <span class='ocrx_word' id='word_1_105' title='bbox 615 1555 839 1623; x_wconf 88' lang='lat' dir='ltr'><strong>humescentes</strong></span> <span class='ocrx_word' id='word_1_106' title='bbox 867 1557 974 1623; x_wconf 90' lang='lat' dir='ltr'><strong>oculos</strong></span> <span class='ocrx_word' id='word_1_107' title='bbox 1000 1560 1072 1621; x_wconf 88' lang='lat' dir='ltr'><strong>tuos</strong></span> 
     </span>
     <span class='ocr_line' id='line_1_17' title="bbox 104 1642 1074 1740; baseline -0.001 -34"><span class='ocrx_word' id='word_1_108' title='bbox 104 1642 339 1727; x_wconf 88' lang='lat' dir='ltr'><strong>demissumque</strong></span> <span class='ocrx_word' id='word_1_109' title='bbox 361 1643 479 1740; x_wconf 82' lang='lat' dir='ltr'><strong>gaudio</strong></span> <span class='ocrx_word' id='word_1_110' title='bbox 498 1643 622 1706; x_wconf 90' lang='lat' dir='ltr'><strong>uultum</strong></span> <span class='ocrx_word' id='word_1_111' title='bbox 636 1645 827 1726; x_wconf 89' lang='lat' dir='ltr'><strong>tantumque</strong></span> <span class='ocrx_word' id='word_1_112' title='bbox 849 1642 1016 1727; x_wconf 85' lang='lat' dir='ltr'><strong>sanguinis</strong></span> <span class='ocrx_word' id='word_1_113' title='bbox 1037 1642 1074 1705; x_wconf 87' lang='lat' dir='ltr'><strong>in</strong></span> 
     </span>
     <span class='ocr_line' id='line_1_18' title="bbox 104 1725 1073 1811; baseline -0.002 -21"><span class='ocrx_word' id='word_1_114' title='bbox 104 1749 160 1791; x_wconf 88' lang='lat' dir='ltr'><strong>ore</strong></span> <span class='ocrx_word' id='word_1_115' title='bbox 187 1730 343 1810; x_wconf 87' lang='lat' dir='ltr'><strong>quantum</strong></span> <span class='ocrx_word' id='word_1_116' title='bbox 370 1748 406 1791; x_wconf 89' lang='lat'><strong>111</strong></span> <span class='ocrx_word' id='word_1_117' title='bbox 433 1727 539 1791; x_wconf 88' lang='lat' dir='ltr'><strong>animo</strong></span> <span class='ocrx_word' id='word_1_118' title='bbox 566 1728 706 1810; x_wconf 88' lang='lat' dir='ltr'><strong>pudoris.</strong></span> <span class='ocrx_word' id='word_1_119' title='bbox 755 1730 850 1811; x_wconf 81' lang='lat' dir='ltr'><strong>atque</strong></span> <span class='ocrx_word' id='word_1_120' title='bbox 879 1726 941 1792; x_wconf 89' lang='lat' dir='ltr'><strong>hoc</strong></span> <span class='ocrx_word' id='word_1_121' title='bbox 967 1725 1073 1810; x_wconf 83' lang='lat' dir='ltr'><strong>magis</strong></span> 
     </span>
     <span class='ocr_line' id='line_1_19' title="bbox 104 1810 1073 1896; baseline -0.002 -21"><span class='ocrx_word' id='word_1_122' title='bbox 104 1812 230 1875; x_wconf 88' lang='lat' dir='ltr'><strong>incensi</strong></span> <span class='ocrx_word' id='word_1_123' title='bbox 257 1832 366 1876; x_wconf 88' lang='lat' dir='ltr'><strong>sumus</strong></span> <span class='ocrx_word' id='word_1_124' title='bbox 397 1815 434 1876; x_wconf 88' lang='lat' dir='ltr'><strong>ut</strong></span> <span class='ocrx_word' id='word_1_125' title='bbox 460 1832 663 1894; x_wconf 80' lang='lat' dir='ltr'><strong>precaremur</strong></span> <span class='ocrx_word' id='word_1_126' title='bbox 695 1832 736 1875; x_wconf 90' lang='lat' dir='ltr'><strong>ne</strong></span> <span class='ocrx_word' id='word_1_127' title='bbox 764 1811 891 1896; x_wconf 88' lang='lat' dir='ltr'><strong>quando</strong></span> <span class='ocrx_word' id='word_1_128' title='bbox 917 1810 977 1875; x_wconf 87' lang='lat' dir='ltr'><strong>tibi</strong></span> <span class='ocrx_word' id='word_1_129' title='bbox 1005 1830 1073 1874; x_wconf 92' lang='lat' dir='ltr'><strong>non</strong></span> 
     </span>
     <span class='ocr_line' id='line_1_20' title="bbox 105 1895 1111 1981; baseline -0.003 -22"><span class='ocrx_word' id='word_1_130' title='bbox 105 1896 216 1959; x_wconf 89' lang='lat' dir='ltr'><strong>eadem</strong></span> <span class='ocrx_word' id='word_1_131' title='bbox 244 1917 341 1961; x_wconf 86' lang='lat' dir='ltr'><strong>causa</strong></span> <span class='ocrx_word' id='word_1_132' title='bbox 367 1896 584 1974; x_wconf 87' lang='lat' dir='ltr'><strong>lacrimarum,</strong></span> <span class='ocrx_word' id='word_1_133' title='bbox 612 1900 709 1980; x_wconf 90' lang='lat' dir='ltr'><strong>utque</strong></span> <span class='ocrx_word' id='word_1_134' title='bbox 737 1917 911 1981; x_wconf 78' lang='lat' dir='ltr'><strong>numquam</strong></span> <span class='ocrx_word' id='word_1_135' title='bbox 932 1895 1072 1960; x_wconf 86' lang='lat' dir='ltr'><strong>frontem</strong></span> <span class='ocrx_word' id='word_1_136' title='bbox 1086 1914 1111 1956; x_wconf 76' lang='lat' dir='ltr'><strong>so</strong></span> 
     </span>
     <span class='ocr_line' id='line_1_21' title="bbox 104 1980 1073 2065; baseline 0 -22"><span class='ocrx_word' id='word_1_137' title='bbox 104 1984 195 2043; x_wconf 90' lang='lat' dir='ltr'><strong>tuam</strong></span> <span class='ocrx_word' id='word_1_138' title='bbox 217 1980 277 2044; x_wconf 83' lang='lat'><strong>**.</strong></span> <span class='ocrx_word' id='word_1_139' title='bbox 320 1980 381 2044; x_wconf 91' lang='lat' dir='ltr'><strong>hoc</strong></span> <span class='ocrx_word' id='word_1_140' title='bbox 407 1981 514 2064; x_wconf 88' lang='lat' dir='ltr'><strong>ipsum</strong></span> <span class='ocrx_word' id='word_1_141' title='bbox 541 1980 599 2045; x_wconf 87' lang='lat' dir='ltr'><strong>has</strong></span> <span class='ocrx_word' id='word_1_142' title='bbox 626 1981 717 2046; x_wconf 89' lang='lat' dir='ltr'><strong>sedes</strong></span> <span class='ocrx_word' id='word_1_143' title='bbox 745 2002 804 2046; x_wconf 91' lang='lat' dir='ltr'><strong>nos</strong></span> <span class='ocrx_word' id='word_1_144' title='bbox 826 1981 917 2065; x_wconf 87' lang='lat' dir='ltr'><strong>quasi</strong></span> <span class='ocrx_word' id='word_1_145' title='bbox 941 2001 1073 2064; x_wconf 90' lang='lat' dir='ltr'><strong>respou-</strong></span> 
     </span>
     <span class='ocr_line' id='line_1_22' title="bbox 106 2063 1074 2149; baseline -0.003 -20"><span class='ocrx_word' id='word_1_146' title='bbox 106 2085 196 2129; x_wconf 86' lang='lat' dir='ltr'><strong>suras</strong></span> <span class='ocrx_word' id='word_1_147' title='bbox 218 2064 464 2149; x_wconf 81' lang='lat' dir='ltr'><strong>interrogemus,</strong></span> <span class='ocrx_word' id='word_1_148' title='bbox 487 2065 669 2130; x_wconf 87' lang='lat' dir='ltr'><strong>uideriutne</strong></span> <span class='ocrx_word' id='word_1_149' title='bbox 690 2087 843 2149; x_wconf 91' lang='lat' dir='ltr'><strong>umquam</strong></span> <span class='ocrx_word' id='word_1_150' title='bbox 856 2065 1013 2148; x_wconf 88' lang='lat' dir='ltr'><strong>principis</strong></span> <span class='ocrx_word' id='word_1_151' title='bbox 1029 2063 1074 2127; x_wconf 89' lang='lat' dir='ltr'><strong>la-</strong></span> 
     </span>
     <span class='ocr_line' id='line_1_23' title="bbox 105 2149 1110 2234; baseline -0.003 -21"><span class='ocrx_word' id='word_1_152' title='bbox 105 2149 236 2214; x_wconf 89' lang='lat' dir='ltr'><strong>crimas:</strong></span> <span class='ocrx_word' id='word_1_153' title='bbox 261 2152 295 2213; x_wconf 88' lang='lat' dir='ltr'><strong>at</strong></span> <span class='ocrx_word' id='word_1_154' title='bbox 317 2153 447 2214; x_wconf 87' lang='lat' dir='ltr'><strong>senatus</strong></span> <span class='ocrx_word' id='word_1_155' title='bbox 470 2171 565 2234; x_wconf 86' lang='lat' dir='ltr'><strong>saepe</strong></span> <span class='ocrx_word' id='word_1_156' title='bbox 587 2149 747 2214; x_wconf 89' lang='lat' dir='ltr'><strong>uiderunt.</strong></span> <span class='ocrx_word' id='word_1_157' title='bbox 786 2149 928 2214; x_wconf 83' lang='lat' dir='ltr'><strong>onerasti</strong></span> <span class='ocrx_word' id='word_1_158' title='bbox 950 2149 1074 2210; x_wconf 88' lang='lat' dir='ltr'><strong>futuros</strong></span> <span class='ocrx_word' id='word_1_159' title='bbox 1098 2196 1110 2204; x_wconf 86' lang='lat'>.</span> 
     </span>
     <span class='ocr_line' id='line_1_24' title="bbox 105 2231 1074 2318; baseline -0.002 -22"><span class='ocrx_word' id='word_1_160' title='bbox 105 2234 278 2317; x_wconf 86' lang='lat' dir='ltr'><strong>principes,</strong></span> <span class='ocrx_word' id='word_1_161' title='bbox 301 2234 357 2298; x_wconf 89' lang='lat' dir='ltr'><strong>sed</strong></span> <span class='ocrx_word' id='word_1_162' title='bbox 372 2238 405 2298; x_wconf 87' lang='lat' dir='ltr'><strong>et</strong></span> <span class='ocrx_word' id='word_1_163' title='bbox 418 2237 564 2318; x_wconf 87' lang='lat' dir='ltr'><strong>posteros</strong></span> <span class='ocrx_word' id='word_1_164' title='bbox 586 2237 723 2299; x_wconf 89' lang='lat' dir='ltr'><strong>nostros.</strong></span> <span class='ocrx_word' id='word_1_165' title='bbox 752 2254 827 2296; x_wconf 89' lang='lat' dir='ltr'><strong>nam</strong></span> <span class='ocrx_word' id='word_1_166' title='bbox 850 2236 883 2296; x_wconf 91' lang='lat' dir='ltr'><strong>et</strong></span> <span class='ocrx_word' id='word_1_167' title='bbox 896 2231 931 2295; x_wconf 93' lang='lat' dir='ltr'><strong>hi</strong></span> <span class='ocrx_word' id='word_1_168' title='bbox 953 2253 973 2294; x_wconf 88' lang='lat' dir='ltr'><strong>a</strong></span> <span class='ocrx_word' id='word_1_169' title='bbox 986 2231 1074 2314; x_wconf 89' lang='lat' dir='ltr'><strong>prin-</strong></span> 
     </span>
     <span class='ocr_line' id='line_1_25' title="bbox 107 2315 1113 2403; baseline -0.004 -22"><span class='ocrx_word' id='word_1_170' title='bbox 107 2318 231 2401; x_wconf 85' lang='lat' dir='ltr'><strong>cipibus</strong></span> <span class='ocrx_word' id='word_1_171' title='bbox 259 2319 326 2382; x_wconf 90' lang='lat' dir='ltr'><strong>suis</strong></span> <span class='ocrx_word' id='word_1_172' title='bbox 355 2319 487 2403; x_wconf 82' lang='lat' dir='ltr'><strong>exigent</strong></span> <span class='ocrx_word' id='word_1_173' title='bbox 512 2321 548 2381; x_wconf 87' lang='lat' dir='ltr'><strong>ut</strong></span> <span class='ocrx_word' id='word_1_174' title='bbox 569 2317 681 2382; x_wconf 90' lang='lat' dir='ltr'><strong>eadem</strong></span> <span class='ocrx_word' id='word_1_175' title='bbox 702 2315 810 2380; x_wconf 88' lang='lat' dir='ltr'><strong>audire</strong></span> <span class='ocrx_word' id='word_1_176' title='bbox 832 2317 1015 2379; x_wconf 88' lang='lat' dir='ltr'><strong>mereantur</strong></span> <span class='ocrx_word' id='word_1_177' title='bbox 1042 2317 1113 2378; x_wconf 80' lang='lat' dir='ltr'><strong>etus</strong></span> 
     </span>
     <span class='ocr_line' id='line_1_26' title="bbox 105 2401 792 2487; baseline 0 -22"><span class='ocrx_word' id='word_1_178' title='bbox 105 2402 154 2465; x_wconf 92' lang='lat' dir='ltr'><strong>illi</strong></span> <span class='ocrx_word' id='word_1_179' title='bbox 177 2402 260 2485; x_wconf 91' lang='lat' dir='ltr'><strong>quod</strong></span> <span class='ocrx_word' id='word_1_180' title='bbox 283 2424 351 2466; x_wconf 90' lang='lat' dir='ltr'><strong>non</strong></span> <span class='ocrx_word' id='word_1_181' title='bbox 373 2403 507 2467; x_wconf 89' lang='lat' dir='ltr'><strong>audiant</strong></span> <span class='ocrx_word' id='word_1_182' title='bbox 528 2401 792 2487; x_wconf 86' lang='lat' dir='ltr'><strong>indignabuntur.</strong></span> 
     </span>
    </p>

    <p class='ocr_par' dir='ltr' id='par_1_5' title="bbox 105 2482 1113 2806">
     <span class='ocr_line' id='line_1_27' title="bbox 168 2482 1075 2572; baseline -0.003 -23"><span class='ocrx_word' id='word_1_183' title='bbox 168 2484 315 2551; x_wconf 87' lang='lat' dir='ltr'>LXXIV.</span> <span class='ocrx_word' id='word_1_184' title='bbox 344 2486 436 2552; x_wconf 91' lang='lat' dir='ltr'><strong>Nihil</strong></span> <span class='ocrx_word' id='word_1_185' title='bbox 457 2487 562 2572; x_wconf 87' lang='lat' dir='ltr'><strong>magis</strong></span> <span class='ocrx_word' id='word_1_186' title='bbox 576 2508 708 2570; x_wconf 91' lang='lat' dir='ltr'><strong>possum</strong></span> <span class='ocrx_word' id='word_1_187' title='bbox 729 2506 787 2568; x_wconf 89' lang='lat' dir='ltr'><strong>pro</strong></span> <span class='ocrx_word' id='word_1_188' title='bbox 809 2506 844 2549; x_wconf 90' lang='lat' dir='ltr'><strong>re</strong></span> <span class='ocrx_word' id='word_1_189' title='bbox 859 2482 964 2549; x_wconf 87' lang='lat' dir='ltr'><strong>dicere</strong></span> <span class='ocrx_word' id='word_1_190' title='bbox 980 2504 1075 2568; x_wconf 91' lang='lat' dir='ltr'><strong>quam</strong></span> 
     </span>
     <span class='ocr_line' id='line_1_28' title="bbox 105 2569 1074 2654; baseline -0.001 -21"><span class='ocrx_word' id='word_1_191' title='bbox 105 2570 190 2654; x_wconf 93' lang='lat' dir='ltr'><strong>quod</strong></span> <span class='ocrx_word' id='word_1_192' title='bbox 216 2570 337 2635; x_wconf 87' lang='lat' dir='ltr'><strong>dictum</strong></span> <span class='ocrx_word' id='word_1_193' title='bbox 365 2575 414 2635; x_wconf 91' lang='lat' dir='ltr'><strong>est</strong></span> <span class='ocrx_word' id='word_1_194' title='bbox 447 2594 467 2636; x_wconf 87' lang='lat' dir='ltr'><strong>a</strong></span> <span class='ocrx_word' id='word_1_195' title='bbox 494 2574 610 2636; x_wconf 87' lang='lat' dir='ltr'><strong>cuncto</strong></span> <span class='ocrx_word' id='word_1_196' title='bbox 638 2572 753 2635; x_wconf 86' lang='lat' dir='ltr'><strong>senatu</strong></span> <span class='ocrx_word' id='word_1_197' title='bbox 786 2575 821 2634; x_wconf 84' lang='lat'><strong>‘0</strong></span> <span class='ocrx_word' id='word_1_198' title='bbox 850 2573 883 2635; x_wconf 90' lang='lat' dir='ltr'><strong>te</strong></span> <span class='ocrx_word' id='word_1_199' title='bbox 909 2569 1074 2633; x_wconf 81' lang='lat' dir='ltr'><strong>feliceml&#39;</strong></span> 
     </span>
     <span class='ocr_line' id='line_1_29' title="bbox 105 2652 1075 2740; baseline -0.002 -21"><span class='ocrx_word' id='word_1_200' title='bbox 105 2654 189 2738; x_wconf 91' lang='lat' dir='ltr'><strong>quod</strong></span> <span class='ocrx_word' id='word_1_201' title='bbox 219 2675 291 2719; x_wconf 88' lang='lat' dir='ltr'><strong>cum</strong></span> <span class='ocrx_word' id='word_1_202' title='bbox 319 2655 511 2738; x_wconf 85' lang='lat' dir='ltr'><strong>diceremus,</strong></span> <span class='ocrx_word' id='word_1_203' title='bbox 548 2677 615 2721; x_wconf 92' lang='lat' dir='ltr'><strong>non</strong></span> <span class='ocrx_word' id='word_1_204' title='bbox 642 2677 719 2740; x_wconf 90' lang='lat' dir='ltr'><strong>opes</strong></span> <span class='ocrx_word' id='word_1_205' title='bbox 745 2657 816 2719; x_wconf 88' lang='lat' dir='ltr'><strong>tuas</strong></span> <span class='ocrx_word' id='word_1_206' title='bbox 850 2653 905 2719; x_wconf 91' lang='lat' dir='ltr'><strong>sed</strong></span> <span class='ocrx_word' id='word_1_207' title='bbox 934 2652 1075 2718; x_wconf 88' lang='lat' dir='ltr'><strong>animum</strong></span> 
     </span>
     <span class='ocr_line' id='line_1_30' title="bbox 105 2738 1113 2806; baseline -0.004 -4"><span class='ocrx_word' id='word_1_208' title='bbox 105 2738 311 2803; x_wconf 89' lang='lat' dir='ltr'><strong>mirabamur.</strong></span> <span class='ocrx_word' id='word_1_209' title='bbox 362 2744 412 2805; x_wconf 89' lang='lat' dir='ltr'><strong>est</strong></span> <span class='ocrx_word' id='word_1_210' title='bbox 443 2741 529 2805; x_wconf 89' lang='lat' dir='ltr'><strong>enim</strong></span> <span class='ocrx_word' id='word_1_211' title='bbox 562 2741 638 2806; x_wconf 73' lang='lat' dir='ltr'><strong>daec</strong></span> <span class='ocrx_word' id='word_1_212' title='bbox 671 2740 799 2804; x_wconf 89' lang='lat' dir='ltr'><strong>demum</strong></span> <span class='ocrx_word' id='word_1_213' title='bbox 832 2760 909 2803; x_wconf 89' lang='lat' dir='ltr'><strong>uera</strong></span> <span class='ocrx_word' id='word_1_214' title='bbox 935 2738 1074 2802; x_wconf 85' lang='lat' dir='ltr'><strong>felicitas</strong></span> <span class='ocrx_word' id='word_1_215' title='bbox 1087 2757 1113 2798; x_wconf 82' lang='lat' dir='ltr'><strong>eo</strong></span> 
     </span>
    </p>
   </div>
   <div class='ocr_carea' id='block_1_4' title="bbox 104 2923 1076 3541">
    <p class='ocr_par' dir='ltr' id='par_1_6' title="bbox 104 2923 1076 3541">
     <span class='ocr_line' id='line_1_31' title="bbox 175 2923 1075 2994; baseline 0.002 -18"><span class='ocrx_word' id='word_1_216' title='bbox 175 2930 188 2976; x_wconf 94' lang='lat'>1</span> <span class='ocrx_word' id='word_1_217' title='bbox 208 2929 310 2979; x_wconf 87' lang='lat' dir='ltr'><strong>misera</strong></span> <span class='ocrx_word' id='word_1_218' title='bbox 327 2930 344 2975; x_wconf 99' lang='grc'><strong>0</strong></span> <span class='ocrx_word' id='word_1_219' title='bbox 362 2928 383 2975; x_wconf 84' lang='lat' dir='ltr'>V</span> <span class='ocrx_word' id='word_1_220' title='bbox 412 2926 422 2993; x_wconf 98' lang='grc'><strong>11</strong></span> <span class='ocrx_word' id='word_1_221' title='bbox 451 2931 467 2978; x_wconf 78' lang='lat'><strong>2</strong></span> <span class='ocrx_word' id='word_1_222' title='bbox 489 2929 569 2994; x_wconf 87' lang='lat' dir='ltr'><strong>atqui</strong></span> <span class='ocrx_word' id='word_1_223' title='bbox 587 2929 641 2978; x_wconf 86' lang='lat' dir='ltr'><strong>ism</strong></span> <span class='ocrx_word' id='word_1_224' title='bbox 659 2928 775 2978; x_wconf 85' lang='lat' dir='ltr'><strong>maxime</strong></span> <span class='ocrx_word' id='word_1_225' title='bbox 791 2928 901 2991; x_wconf 83' lang='lat' dir='ltr'><strong>scripsi:</strong></span> <span class='ocrx_word' id='word_1_226' title='bbox 927 2931 1012 2991; x_wconf 88' lang='lat' dir='ltr'><strong>utque</strong></span> <span class='ocrx_word' id='word_1_227' title='bbox 1032 2923 1075 2990; x_wconf 89' lang='lat' dir='ltr'><strong>(ut</strong></span> 
     </span>
     <span class='ocr_line' id='line_1_32' title="bbox 106 2993 1074 3061; baseline -0.004 -17"><span class='ocrx_word' id='word_1_228' title='bbox 106 3010 178 3060; x_wconf 87' lang='lat' dir='ltr'><strong>quac</strong></span> <span class='ocrx_word' id='word_1_229' title='bbox 191 2994 220 3060; x_wconf 85' lang='grc'><strong>01</strong></span> <span class='ocrx_word' id='word_1_230' title='bbox 233 2996 288 3045; x_wconf 89' lang='lat' dir='ltr'><strong>iam</strong></span> <span class='ocrx_word' id='word_1_231' title='bbox 301 2997 419 3046; x_wconf 86' lang='lat' dir='ltr'><strong>maxime</strong></span> <span class='ocrx_word' id='word_1_232' title='bbox 431 2998 459 3043; x_wconf 74' lang='lat' dir='ltr'>H</span> <span class='ocrx_word' id='word_1_233' title='bbox 471 3001 596 3061; x_wconf 84' lang='lat' dir='ltr'><strong>utquam</strong></span> <span class='ocrx_word' id='word_1_234' title='bbox 609 2996 725 3046; x_wconf 86' lang='lat' dir='ltr'><strong>maxime</strong></span> <span class='ocrx_word' id='word_1_235' title='bbox 739 2995 863 3045; x_wconf 79' lang='lat' dir='ltr'><strong>Gruterus</strong></span> <span class='ocrx_word' id='word_1_236' title='bbox 878 2993 883 3059; x_wconf 97' lang='grc'>1</span> <span class='ocrx_word' id='word_1_237' title='bbox 898 2993 993 3045; x_wconf 83' lang='lat' dir='ltr'><strong>eadem</strong></span> <span class='ocrx_word' id='word_1_238' title='bbox 1004 2995 1074 3045; x_wconf 58' lang='lat' dir='ltr'><strong>orus}</strong></span> 
     </span>
     <span class='ocr_line' id='line_1_33' title="bbox 108 3058 1075 3128; baseline -0.001 -16"><span class='ocrx_word' id='word_1_239' title='bbox 108 3061 120 3126; x_wconf 88' lang='grc'><strong>11</strong></span> <span class='ocrx_word' id='word_1_240' title='bbox 145 3065 161 3112; x_wconf 87' lang='grc'><strong>3</strong></span> <span class='ocrx_word' id='word_1_241' title='bbox 179 3061 308 3112; x_wconf 87' lang='lat' dir='ltr'><strong>dicuntur</strong></span> <span class='ocrx_word' id='word_1_242' title='bbox 324 3065 433 3127; x_wconf 80' lang='lat' dir='ltr'><strong>scripsi:</strong></span> <span class='ocrx_word' id='word_1_243' title='bbox 450 3062 579 3114; x_wconf 83' lang='lat' dir='ltr'><strong>dicautur</strong></span> <span class='ocrx_word' id='word_1_244' title='bbox 596 3062 678 3112; x_wconf 86' lang='lat' dir='ltr'><strong>aliter</strong></span> <span class='ocrx_word' id='word_1_245' title='bbox 697 3063 827 3112; x_wconf 88' lang='lat' dir='ltr'><strong>dicuntur</strong></span> <span class='ocrx_word' id='word_1_246' title='bbox 843 3063 872 3108; x_wconf 77' lang='lat'>1</span> <span class='ocrx_word' id='word_1_247' title='bbox 893 3059 903 3126; x_wconf 97' lang='grc'><strong>11</strong></span> <span class='ocrx_word' id='word_1_248' title='bbox 925 3064 942 3111; x_wconf 87' lang='lat'>4</span> <span class='ocrx_word' id='word_1_249' title='bbox 959 3058 1000 3128; x_wconf 82' lang='lat' dir='ltr'><strong>in]</strong></span> <span class='ocrx_word' id='word_1_250' title='bbox 1019 3076 1075 3111; x_wconf 90' lang='lat' dir='ltr'><strong>non</strong></span> 
     </span>
     <span class='ocr_line' id='line_1_34' title="bbox 104 3126 1075 3194; baseline 0 -16"><span class='ocrx_word' id='word_1_251' title='bbox 104 3131 137 3178; x_wconf 82' lang='lat' dir='ltr'>W</span> <span class='ocrx_word' id='word_1_252' title='bbox 149 3126 188 3194; x_wconf 90' lang='grc'><strong>116</strong></span> <span class='ocrx_word' id='word_1_253' title='bbox 207 3130 286 3179; x_wconf 87' lang='lat' dir='ltr'><strong>domo</strong></span> <span class='ocrx_word' id='word_1_254' title='bbox 304 3132 425 3193; x_wconf 84' lang='lat' dir='ltr'><strong>Lipsius:</strong></span> <span class='ocrx_word' id='word_1_255' title='bbox 444 3129 523 3180; x_wconf 90' lang='lat' dir='ltr'><strong>modo</strong></span> <span class='ocrx_word' id='word_1_256' title='bbox 540 3128 593 3194; x_wconf 74' lang='grc'><strong>111</strong></span> <span class='ocrx_word' id='word_1_257' title='bbox 611 3132 627 3181; x_wconf 89' lang='lat'>8</span> <span class='ocrx_word' id='word_1_258' title='bbox 646 3130 778 3180; x_wconf 84' lang='lat' dir='ltr'><strong>exiluisse</strong></span> <span class='ocrx_word' id='word_1_259' title='bbox 798 3129 819 3176; x_wconf 84' lang='lat' dir='ltr'>V</span> <span class='ocrx_word' id='word_1_260' title='bbox 837 3142 875 3178; x_wconf 86' lang='lat' dir='ltr'><strong>w:</strong></span> <span class='ocrx_word' id='word_1_261' title='bbox 894 3145 928 3180; x_wconf 84' lang='lat' dir='ltr'><strong>ex</strong></span> <span class='ocrx_word' id='word_1_262' title='bbox 945 3129 1026 3179; x_wconf 89' lang='lat' dir='ltr'><strong>siluis</strong></span> <span class='ocrx_word' id='word_1_263' title='bbox 1045 3144 1075 3179; x_wconf 88' lang='lat' dir='ltr'><strong>se</strong></span> 
     </span>
     <span class='ocr_line' id='line_1_35' title="bbox 105 3195 1074 3264; baseline 0.003 -19"><span class='ocrx_word' id='word_1_264' title='bbox 105 3199 123 3245; x_wconf 92' lang='grc'><strong>0</strong></span> <span class='ocrx_word' id='word_1_265' title='bbox 143 3196 273 3247; x_wconf 82' lang='lat' dir='ltr'><strong>exiluisse</strong></span> <span class='ocrx_word' id='word_1_266' title='bbox 292 3213 322 3248; x_wconf 88' lang='lat' dir='ltr'><strong>se</strong></span> <span class='ocrx_word' id='word_1_267' title='bbox 340 3198 361 3247; x_wconf 80' lang='lat' dir='ltr'>B</span> <span class='ocrx_word' id='word_1_268' title='bbox 378 3195 389 3262; x_wconf 82' lang='grc'>1</span> <span class='ocrx_word' id='word_1_269' title='bbox 407 3200 437 3246; x_wconf 94' lang='grc'><strong>11</strong></span> <span class='ocrx_word' id='word_1_270' title='bbox 456 3195 523 3264; x_wconf 85' lang='lat' dir='ltr'><strong>non]</strong></span> <span class='ocrx_word' id='word_1_271' title='bbox 542 3213 607 3247; x_wconf 90' lang='lat' dir='ltr'><strong>num</strong></span> <span class='ocrx_word' id='word_1_272' title='bbox 623 3210 649 3246; x_wconf 75' lang='lat' dir='ltr'>v</span> <span class='ocrx_word' id='word_1_273' title='bbox 661 3195 671 3262; x_wconf 92' lang='grc'>1</span> <span class='ocrx_word' id='word_1_274' title='bbox 685 3200 717 3248; x_wconf 81' lang='grc'>17</span> <span class='ocrx_word' id='word_1_275' title='bbox 733 3196 927 3262; x_wconf 86' lang='lat' dir='ltr'><strong>dimissumque</strong></span> <span class='ocrx_word' id='word_1_276' title='bbox 944 3198 984 3256; x_wconf 75' lang='lat'><strong>1,</strong></span> <span class='ocrx_word' id='word_1_277' title='bbox 1003 3212 1074 3248; x_wconf 84' lang='lat' dir='ltr'><strong>corr.</strong></span> 
     </span>
     <span class='ocr_line' id='line_1_36' title="bbox 105 3263 1076 3330; baseline -0.002 -16"><span class='ocrx_word' id='word_1_278' title='bbox 105 3279 122 3330; x_wconf 84' lang='grc' dir='ltr'><strong>ς</strong></span> <span class='ocrx_word' id='word_1_279' title='bbox 139 3266 334 3330; x_wconf 86' lang='lat' dir='ltr'><strong>remissumque</strong></span> <span class='ocrx_word' id='word_1_280' title='bbox 352 3266 457 3328; x_wconf 81' lang='lat' dir='ltr'><strong>Lipsius</strong></span> <span class='ocrx_word' id='word_1_281' title='bbox 477 3263 488 3329; x_wconf 95' lang='grc'><strong>11</strong></span> <span class='ocrx_word' id='word_1_282' title='bbox 508 3268 540 3315; x_wconf 81' lang='grc'>21</span> <span class='ocrx_word' id='word_1_283' title='bbox 559 3265 736 3329; x_wconf 83' lang='lat' dir='ltr'><strong>abstergeres</strong></span> <span class='ocrx_word' id='word_1_284' title='bbox 755 3266 816 3316; x_wconf 88' lang='lat' dir='ltr'><strong>add.</strong></span> <span class='ocrx_word' id='word_1_285' title='bbox 835 3263 988 3321; x_wconf 80' lang='lat' dir='ltr'><strong>Cutauusus,</strong></span> <span class='ocrx_word' id='word_1_286' title='bbox 1013 3278 1076 3313; x_wconf 89' lang='lat' dir='ltr'><strong>eon·</strong></span> 
     </span>
     <span class='ocr_line' id='line_1_37' title="bbox 104 3327 1073 3398; baseline -0.002 -17"><span class='ocrx_word' id='word_1_287' title='bbox 104 3331 231 3383; x_wconf 83' lang='lat' dir='ltr'><strong>traheres</strong></span> <span class='ocrx_word' id='word_1_288' title='bbox 251 3329 397 3398; x_wconf 78' lang='lat' dir='ltr'><strong>Gieripiusl</strong></span> <span class='ocrx_word' id='word_1_289' title='bbox 415 3330 517 3398; x_wconf 87' lang='lat' dir='ltr'><strong>ipsum]</strong></span> <span class='ocrx_word' id='word_1_290' title='bbox 541 3332 675 3398; x_wconf 85' lang='lat' dir='ltr'><strong>templum</strong></span> <span class='ocrx_word' id='word_1_291' title='bbox 692 3334 798 3398; x_wconf 80' lang='lat' dir='ltr'><strong>Lipsius</strong></span> <span class='ocrx_word' id='word_1_292' title='bbox 813 3329 817 3394; x_wconf 93' lang='grc'>1</span> <span class='ocrx_word' id='word_1_293' title='bbox 832 3332 1004 3396; x_wconf 87' lang='lat' dir='ltr'><strong>responsuris</strong></span> <span class='ocrx_word' id='word_1_294' title='bbox 1023 3332 1041 3378; x_wconf 91' lang='grc'><strong>0</strong></span> <span class='ocrx_word' id='word_1_295' title='bbox 1061 3327 1073 3393; x_wconf 95' lang='grc'><strong>11</strong></span> 
     </span>
     <span class='ocr_line' id='line_1_38' title="bbox 104 3398 1075 3465; baseline -0.004 -15"><span class='ocrx_word' id='word_1_296' title='bbox 104 3401 138 3450; x_wconf 75' lang='lat'><strong>‘22</strong></span> <span class='ocrx_word' id='word_1_297' title='bbox 156 3415 192 3450; x_wconf 87' lang='lat' dir='ltr'><strong>ne</strong></span> <span class='ocrx_word' id='word_1_298' title='bbox 209 3415 339 3465; x_wconf 90' lang='lat' dir='ltr'><strong>umquam</strong></span> <span class='ocrx_word' id='word_1_299' title='bbox 357 3432 389 3440; x_wconf 97' lang='lat'>-</span> <span class='ocrx_word' id='word_1_300' title='bbox 406 3399 537 3451; x_wconf 87' lang='lat' dir='ltr'><strong>uiderunt</strong></span> <span class='ocrx_word' id='word_1_301' title='bbox 553 3417 600 3452; x_wconf 73' lang='lat' dir='ltr'><strong>ons.</strong></span> <span class='ocrx_word' id='word_1_302' title='bbox 619 3402 652 3449; x_wconf 82' lang='lat' dir='ltr'>W</span> <span class='ocrx_word' id='word_1_303' title='bbox 665 3398 721 3465; x_wconf 76' lang='grc'>125</span> <span class='ocrx_word' id='word_1_304' title='bbox 738 3405 893 3450; x_wconf 86' lang='lat' dir='ltr'><strong>mereantur</strong></span> <span class='ocrx_word' id='word_1_305' title='bbox 910 3411 947 3447; x_wconf 82' lang='lat' dir='ltr'><strong>w:</strong></span> <span class='ocrx_word' id='word_1_306' title='bbox 968 3411 1075 3447; x_wconf 85' lang='lat' dir='ltr'><strong>meran·</strong></span> 
     </span>
     <span class='ocr_line' id='line_1_39' title="bbox 106 3464 1075 3541; baseline -0.006 -23"><span class='ocrx_word' id='word_1_307' title='bbox 106 3472 151 3518; x_wconf 85' lang='lat' dir='ltr'><strong>tur</strong></span> <span class='ocrx_word' id='word_1_308' title='bbox 168 3465 218 3532; x_wconf 74' lang='grc'><strong>111</strong></span> <span class='ocrx_word' id='word_1_309' title='bbox 230 3470 263 3519; x_wconf 81' lang='grc'><strong>27</strong></span> <span class='ocrx_word' id='word_1_310' title='bbox 282 3483 331 3534; x_wconf 88' lang='lat' dir='ltr'><strong>pro</strong></span> <span class='ocrx_word' id='word_1_311' title='bbox 349 3469 504 3533; x_wconf 79' lang='lat' dir='ltr'><strong>rescripsi:</strong></span> <span class='ocrx_word' id='word_1_312' title='bbox 521 3469 634 3534; x_wconf 86' lang='lat' dir='ltr'><strong>proprie</strong></span> <span class='ocrx_word' id='word_1_313' title='bbox 652 3465 752 3533; x_wconf 74' lang='grc'>10130</span> <span class='ocrx_word' id='word_1_314' title='bbox 770 3468 840 3519; x_wconf 86' lang='lat' dir='ltr'><strong>haec</strong></span> <span class='ocrx_word' id='word_1_315' title='bbox 858 3467 962 3541; x_wconf 78' lang='lat' dir='ltr'><strong>addidi:</strong></span> <span class='ocrx_word' id='word_1_316' title='bbox 982 3479 1029 3514; x_wconf 84' lang='lat' dir='ltr'><strong>om.</strong></span> <span class='ocrx_word' id='word_1_317' title='bbox 1047 3464 1075 3512; x_wconf 74' lang='grc'><strong>10</strong></span> 
     </span>
    </p>
   </div>
   <div class='ocr_carea' id='block_1_5' title="bbox 0 0 1158 3780">
    <p class='ocr_par' dir='ltr' id='par_1_7' title="bbox 0 0 1158 3780">
     <span class='ocr_line' id='line_1_40' title="bbox 0 0 1158 3780; baseline 0 0"><span class='ocrx_word' id='word_1_318' title='bbox 0 0 1158 3780; x_wconf 95' lang='lat' dir='ltr'><strong> </strong></span> 
     </span>
    </p>
   </div>
  </div>
 </body>
</html>
