2294 3780
393 144 552 196 rasiano
571 147 605 196 n.
630 148 739 197 as-as.
1005 148 1046 210 79

78 295 203 359 candor
224 297 423 381 agnoscitur!
452 298 498 377 ut,
527 295 554 358 si
578 295 738 377 quiscum
762 297 852 359 uxori
875 300 948 359 tuae
971 319 1044 360 con-

76 380 171 463 ferat,
194 380 340 445 dubitare
363 383 498 464 cogatur
518 383 626 442 utrum
648 380 691 441 sit
712 381 873 444 efficacius
897 380 936 443 ad
959 387 1044 444 reete

76 465 264 544 uiuendum,
288 465 369 528 bene
391 464 518 528 institui
542 486 582 526 an
605 463 743 526 feliciter
764 466 863 528 nasci.
892 464 971 526 nihil
996 470 1045 528 est

75 551 144 611 tam
172 570 310 632 pronum
339 548 379 612 ad
407 547 585 612 simultates
613 568 706 630 quam
734 549 916 627 aemulatio,
943 549 977 611 in
999 550 1044 613 fe·

75 632 176 696 minis
197 632 400 717 praesertim:
424 655 461 697 ea
482 653 577 715 porro
599 632 736 695 maxime
758 634 900 696 nascitur
915 655 953 696 ex
970 652 1069 697 con-5

74 717 260 800 iunctione,
307 716 403 780 alitur
440 716 649 800 aequalitate,
696 717 873 780 exardescit
910 718 1042 799 inuidia,

78 802 168 864 ouius
201 801 276 865 finis
315 806 364 865 est
401 801 518 865 odium.
560 821 622 883 quo
662 801 788 883 quidem
826 801 1043 865 admirabilius

77 885 327 949 existimandum
355 889 404 949 est
431 885 515 970 quod
549 885 734 948 mulieribus
769 884 889 948 duabus
916 887 951 949 in
980 908 1044 950 una

77 969 173 1032 domo
196 970 327 1053 parique
350 969 478 1033 fortuna
499 968 623 1032 nullum
652 972 830 1051 certamen,
859 970 948 1032 nulla
970 991 1043 1033 con·

75 1054 182 1117 tentio
198 1056 255 1117 est.
285 1053 465 1136 suspiciunt
480 1053 626 1135 inuicem,
649 1054 788 1117 inuicem
804 1054 934 1135 cedunt3
958 1075 1042 1117 cum·
1056 1072 1081 1112 ιο

75 1158 139 1220 que
161 1140 193 1201 te
215 1142 348 1221 utraque
375 1138 564 1201 effusissime
586 1137 715 1221 diligat,
744 1139 827 1201 nihil
849 1159 905 1200 sua
926 1141 1043 1220 putant

75 1222 232 1285 interesse
253 1226 361 1285 utram
381 1226 417 1285 tu
439 1222 544 1304 magis
571 1243 667 1285 ames.
704 1222 787 1284 idem
816 1223 941 1303 utrique
970 1243 1041 1303 pro-

98 1306 227 1389 ositum,
250 1305 336 1369 idem
358 1310 451 1369 tenor
481 1307 574 1386 uitae,
604 1305 748 1387 nihilque
777 1327 816 1367 ex
837 1326 898 1388 quo
922 1307 1042 1368 sentias

75 1328 155 1453 guas
184 1411 262 1454 esse.
299 1393 332 1454 te
360 1391 446 1453 enim
480 1390 617 1470 imitari,
652 1392 685 1451 te
719 1389 868 1471 subsequi
896 1388 1041 1451 student:

75 1474 149 1537 ideo
169 1477 305 1558 utraque
319 1495 424 1537 mores
446 1474 571 1537 eosdem
595 1473 669 1556 quia
688 1475 822 1555 utraque
842 1476 913 1535 tuos
933 1472 1040 1535 habet.
1055 1490 1080 1530 15

74 1558 151 1621 inde
172 1558 358 1641 moderatio,
388 1557 462 1621 inde
491 1558 588 1621 etiam
617 1560 771 1641 perpetua
794 1557 956 1621 securitas.
987 1578 1040 1620 ne·

74 1663 138 1725 que
153 1643 238 1705 enim
254 1664 404 1727 umquam
425 1642 693 1724 periclitabuntur
713 1662 781 1705 esse
802 1642 946 1724 priuatae
963 1663 1041 1721 quae

73 1748 142 1789 non
184 1727 355 1790 desierunt.
396 1725 557 1790 obtulerat
594 1726 657 1789 illis
698 1729 826 1789 senatus
864 1747 1040 1809 cognomen

74 1813 310 1895 Augustarum,
345 1809 427 1894 quod
457 1810 603 1874 certatim
630 1811 816 1892 deprecatae
843 1815 919 1873 sunt
946 1831 1040 1893 quam

75 1895 130 1958 diu
143 1895 389 1978 appellationem
402 1895 503 1978 patris
515 1895 637 1977 patriae
648 1898 684 1958 tu
696 1916 883 1977 recusasses,
895 1895 946 1958 uel
957 1893 1041 1978 quod
1054 1912 1079 1950 20

72 1978 149 2062 plus
181 2000 250 2043 esse
277 1979 313 2042 in
341 2000 378 2042 eo
408 1979 608 2062 iudicabant,
644 1981 669 2042 si
698 2000 778 2043 uxor
811 1984 844 2042 et
872 1999 959 2043 soror
984 1982 1040 2041 tua

73 2084 170 2146 quam
193 2064 219 2126 si
242 2064 407 2147 Augustae
437 2063 625 2126 dicerentur.
662 2064 716 2126 sed
740 2084 953 2145 quaecumque
976 2061 1040 2123 illis

73 2147 159 2210 ratio
189 2150 312 2210 tantam
340 2147 528 2210 modestiam
558 2147 674 2228 suasit,
704 2148 765 2209 hoc
792 2148 897 2228 magis
925 2145 1039 2226 dignae

73 2234 152 2294 sunt
181 2252 260 2314 quae
288 2231 321 2294 in
356 2231 471 2295 animis
504 2231 624 2295 nostris
654 2235 686 2293 et
711 2231 776 2292 sint
804 2234 835 2292 et
863 2229 1041 2290 habeantur

73 2318 241 2399 augustae,
264 2317 426 2398 quianon
448 2318 612 2380 uocantur.
644 2313 719 2396 quid
743 2313 828 2375 enim
849 2309 1038 2373 laudabilius
1052 2328 1078 2370 aa

72 2399 204 2462 feminis
227 2421 322 2480 quam
345 2399 371 2462 si
394 2422 505 2463 uerum
533 2398 686 2461 honorem
715 2417 780 2459 non
807 2396 841 2458 in
870 2393 1039 2476 splendore

72 2484 250 2564 titulorum,
272 2483 375 2547 sedin
392 2484 517 2548 iudiciis
536 2481 702 2545 hominum
723 2482 881 2563 reponant
899 2479 1039 2563 magnis-

72 2589 135 2651 que
157 2568 340 2631 nominibus
363 2589 455 2650 pares
477 2590 511 2632 sc
532 2567 665 2646 faciant,
690 2571 723 2629 et
744 2566 817 2628 dum
839 2564 1012 2627 reeusarit?

130 2650 289 2719 LXXXV.
313 2652 382 2715 Iam
404 2657 436 2716 et
456 2652 488 2715 in
511 2653 706 2736 priuatorum
727 2650 841 2713 animis
857 2650 1039 2713 exoleuerat

71 2736 216 2819 priscum
237 2737 416 2800 mortalium
439 2739 568 2818 bonum,
592 2735 743 2815 amicitia,
767 2735 856 2798 cuius
877 2735 912 2796 in
935 2735 1037 2797 locum
1051 2751 1077 2790 ao

72 2824 295 2905 migrauerant
316 2821 569 2899 adsentationes,
598 2820 773 2883 blanditiae
802 2823 834 2882 et
855 2818 943 2900 peior
965 2817 1037 2880 odio

73 2904 193 2968 amoris
216 2903 386 2968 simulatio
417 2905 534 2968 etenim
555 2904 590 2967 in
610 2903 790 2987 principum
812 2903 904 2964 domo
920 2921 1038 2963 nomeu

142 3132 211 3178 dan
231 3141 260 3192 ςε
280 3131 329 3176 aut
346 3129 373 3174 Μ
402 3123 412 3190 ΙΙ
441 3125 634 3175 bexardescit
655 3127 729 3175 edd:
748 3128 774 3173 et
792 3123 912 3174 ardescit
930 3126 947 3171 0
965 3126 987 3171 V
1006 3126 1039 3172 W

73 3193 237 3244 ardescitB
272 3192 282 3259 ll
318 3196 349 3243 12
372 3195 443 3243 idern
469 3207 498 3258 ςε
527 3192 654 3258 idemque
680 3194 715 3241 Η.
737 3209 770 3240 cn
792 3192 864 3241 idern
888 3191 1007 3255 quippe?
1030 3189 1039 3255 ll

73 3264 106 3312 17
125 3260 263 3326 umquam]
284 3262 378 3325 inique
397 3259 441 3324 01]
459 3263 492 3310 20
510 3260 551 3309 uel
570 3263 680 3324 scripsi:
699 3275 746 3310 seu
763 3260 790 3306 Ι
807 3257 816 3322 [Ι
838 3260 871 3308 22
890 3273 936 3308 seu
956 3274 1038 3322 quae·

73 3344 188 3394 cumque
202 3329 228 3379 0.
244 3330 273 3378 F.
291 3329 334 3378 W.
349 3329 459 3378 diueller
476 3343 537 3377 mus.
556 3328 635 3381 liter.
655 3328 708 3376 XX
725 3345 749 3391 p.
771 3329 826 3376 156.
852 3327 950 3375 Ker'b'ua
969 3330 1036 3375 lacre

72 3414 129 3446 num
147 3399 237 3446 statuit
255 3405 314 3446 ante
333 3397 378 3445 sed
403 3394 413 3460 ΙΙ
437 3397 470 3445 24
487 3395 626 3446 habentur
642 3397 675 3443 W
698 3392 708 3458 ΙΙ
732 3397 764 3443 29
783 3395 836 3443 iam
851 3398 878 3442 ct
893 3395 1037 3442 hiratarius:

72 3464 126 3514 iam
146 3465 229 3532 etiam
250 3469 278 3514 et
293 3464 321 3511 Η
341 3461 352 3527 ΙΙ
373 3466 404 3514 31
425 3462 487 3513 odio
505 3477 543 3512 w:
563 3463 627 3513 ordo
645 3463 673 3508 Π
695 3460 705 3526 fl
727 3463 758 3512 32
777 3458 886 3525 nomen]
907 3462 998 3508 ncnc
