2294 3780
129 146 189 210 148
448 146 496 199 vi
527 144 677 196 monam
693 144 775 196 ran.

127 296 257 361 nominc
285 294 365 359 mihi
387 293 592 379 peculiariter
617 293 858 378 gratulandum,
888 294 1096 361 deuotissima

126 382 218 445 uobis
247 381 361 446 ciuitas
390 380 574 443 Aeduorum
607 400 646 442 ex
673 379 733 444 hcc
763 378 969 444 Britannicae
996 379 1099 445 facul·

126 470 193 531 tata
215 465 371 530 uictoriae
391 464 562 547 plurimos,
589 462 705 547 quibus
727 463 802 528 illae
823 464 1007 548 prouinciae
1026 465 1097 530 red·

127 550 306 631 undabant,
338 549 464 632 accepit
485 547 624 612 artifices
652 551 686 612 et
706 570 793 613 nunc
822 549 1022 614 extractione
1043 570 1098 615 ne-

102 639 233 698 cternm
256 633 422 697 domorum
444 636 478 697 et
497 633 672 697 refectione
693 654 826 717 operum
841 633 1043 717 publicorum
1066 638 1099 700 et

127 717 319 801 templorum
347 718 581 783 instauratione
609 719 786 802 consurgit.
830 739 917 782 nunc
942 718 1004 782 sibi
1026 719 1098 784 red·

128 803 230 867 ditum
259 804 352 867 uetus
379 802 458 866 illud
480 801 644 866 Romanae
665 801 879 867 fraternitatis
903 822 1022 867 nomen
1044 824 1098 868 ex-

127 887 268 969 istimat,
307 907 379 951 cum
411 891 444 951 11
477 907 586 951 rursus
619 886 736 950 habeat
766 886 973 952 conditorem.
1018 887 1098 972 dixi,

128 971 247 1036 Caesar
264 972 395 1056 inuicte,
417 992 517 1055 prope
532 970 625 1054 plura
640 992 735 1055 quam
749 972 851 1055 potui,
873 971 931 1037 sed
944 973 1099 1056 pauciora

89 1074 115 1113 10
127 1077 223 1140 quam
246 1055 358 1140 debui,
387 1060 424 1121 ut
452 1056 627 1120 iustissima
653 1056 733 1120 mihi
762 1077 857 1122 causa
886 1056 929 1121 sit
955 1057 1098 1142 propitio

126 1141 258 1205 numine
279 1145 337 1206 tuo
360 1143 393 1205 et
413 1162 500 1205 nuno
523 1140 690 1205 desinendi
712 1144 744 1204 11
766 1161 861 1225 saepe
884 1140 1021 1206 dicendi.

510 1359 712 1373 -h-...ss—

582 1530 779 1605 VI.
829 1522 905 1595 :³⁶3³

424 1620 879 1780 incoari=

127 1843 438 1910 enunciamus
447 1845 705 1912 nammruo
717 1846 774 1912 nr
783 1845 1097 1952 consulumue

90 1995 115 2036 15
497 1983 727 2040 DIOTUS.

191 2132 218 2196 Ι.
261 2131 412 2196 Dixerint
438 2132 515 2198 licet
542 2133 674 2217 plurimi
699 2133 855 2219 multique
884 2133 1004 2200 dicturi
1031 2135 1099 2200 sint

129 2238 167 2280 ea
194 2217 307 2300 quibus
337 2217 445 2281 omnia
472 2218 560 2282 facta
586 2221 693 2283 uestra
718 2239 976 2304 summarumque
997 2219 1098 2284 uirbi-

128 2305 196 2365 tum
218 2303 334 2367 mcrita
355 2302 539 2384 laudantur,
565 2302 772 2367 sacratissimi
793 2303 972 2386 principes,
995 2302 1097 2369 Maxi·

129 2387 243 2465 miane,
268 2387 348 2451 uelis
370 2386 464 2470 nolis,
486 2408 612 2471 semper
632 2389 790 2471 Auguste,
814 2390 847 2450 et
868 2386 1096 2472 Constantine,

90 2486 116 2527 20
130 2471 235 2532 oriens
262 2471 454 2553 imperator:
490 2471 571 2534 mihi
592 2473 701 2535 tamen
728 2475 850 2536 certum
873 2476 922 2535 est
948 2493 987 2536 ea
1006 2493 1097 2556 prae·

130 2552 221 2634 cipue
236 2553 299 2617 isto
316 2574 462 2617 sermone
477 2553 648 2636 complecti
669 2576 749 2637 quae
763 2558 840 2620 sunt
854 2555 949 2620 huius
964 2557 1097 2640 propria

129 2635 269 2699 laetitiae
291 2657 355 2718 qua
375 2636 436 2700 tibi
451 2635 580 2702 Caesari
597 2637 739 2702 additum
758 2661 877 2706 nomen
892 2640 1097 2724 imperatoris

130 2724 162 2783 et
190 2720 324 2783 istarum
352 2720 535 2785 caelestium
562 2723 749 2804 nuptiarum
771 2724 855 2789 festa
883 2725 1096 2790 celebrantur.

130 2807 236 2869 cetera
251 2805 337 2869 enirn
357 2804 394 2868 in
406 2826 474 2869 rem
489 2805 650 2889 publicam
671 2810 779 2871 uestra
793 2809 947 2873 beneficia
961 2813 1099 2893 possunt

91 2906 117 2946 ae
129 2889 238 2953 multis
259 2888 481 2954 occasionibus
498 2889 696 2956 diuersorum
710 2896 887 2976 temporum
902 2893 1096 2976 praedicari:

129 2973 204 3037 huic
231 2976 307 3037 uoto
328 2973 459 3057 propria
484 2995 572 3040 nunc
594 2975 727 3040 debetur
755 2978 856 3042 oratio
885 2977 968 3063 quod
998 2978 1098 3044 semel

129 3057 252 3120 factum
266 3056 408 3121 futurum
429 3061 479 3122 est
492 3059 732 3142 sempiternum.
763 3060 908 3144 equidem
930 3062 996 3127 scio
1018 3083 1097 3148 gau·

130 3141 272 3204 dentium
300 3141 405 3205 studia
433 3164 519 3209 nunc
544 3143 590 3221 ita
610 3146 681 3209 toto
711 3144 787 3209 orbe
809 3145 990 3230 florescere,
1018 3167 1098 3231 qua·

199 3329 231 3377 16
248 3327 377 3380 dixerunt
393 3332 417 3381 Δ
428 3331 450 3378 V
461 3331 494 3379 W
512 3336 575 3382 sunt
588 3334 621 3381 W
638 3329 648 3397 ΙΙ
667 3333 698 3382 lo
716 3331 829 3382 uobisa
847 3330 906 3398 1112
925 3334 1099 3399 imperatoria

130 3396 279 3448 Acidaliae:
297 3397 406 3462 imperii
423 3401 449 3448 Ι
464 3396 475 3464 ss
492 3401 525 3449 23
543 3399 615 3449 feste
630 3401 653 3447 Δ
670 3397 680 3464 l
697 3401 730 3449 24
748 3398 882 3451 beneficia
900 3407 993 3452 uestra
1010 3401 1097 3451 BGV

130 3460 140 3528 ΙΙ
156 3465 189 3515 26
207 3464 294 3516 semel
313 3471 355 3517 est
373 3466 478 3517 laetum
496 3468 529 3515 w
