2294 3780
89 143 151 208 154
406 143 452 198 VI.
484 142 634 194 luceam
652 141 732 192 Pau.
780 141 786 159 ¹
804 141 807 151 '

88 315 224 358 oceanus
258 314 382 376 semper
409 295 518 355 tamen
552 292 586 354 in
614 291 752 354 motibus
784 292 849 355 suis
878 294 965 356 totns
994 296 1072 375 est,-

87 379 133 442 ita
154 382 189 442 tn
212 380 308 460 potes
325 376 504 460 imperium,
527 375 729 459 Maximiano,
753 375 884 458 donare,
907 397 976 443 non
998 397 1055 460 po·

87 466 135 527 tes
158 484 223 526 non
238 462 366 525 habere.
396 460 519 544 dequo
542 481 612 544 ego,
636 481 708 524 eum
730 460 771 524 ad
793 459 826 524 id
840 459 903 525 loei
924 481 1055 545 uenero,

87 549 134 611 ita
161 547 264 610 dicam
296 548 334 608 ut
360 545 495 608 fortasse
524 544 714 628 quibusdam
747 544 857 609 uidear
891 543 1054 627 audacior,

61 631 204 695 sueritas
226 633 334 694 tamen
357 650 446 693 meae
468 649 546 713 erga
568 633 600 692 te
623 628 804 693 deuotionis
817 631 992 713 appareat.

151 713 240 778 Vlll.
277 713 372 779 Nune
395 714 481 778 enim
504 714 647 797 sequitur
668 717 718 794 ut,
743 713 896 796 quoniam
917 713 1055 778 uirtutes

86 802 175 879 tuna,
209 797 421 862 Constantine
448 799 611 883 Auguste,
648 817 757 862 socero
785 796 984 881 praedicaui,
1018 801 1056 862 tu

87 903 226 965 quoque,
255 882 331 946 lieet
353 883 473 967 optime
496 882 594 961 scias,
624 884 733 945 tamen
755 881 863 946 audias
885 882 1000 965 quanti
1020 885 1056 946 te

86 966 241 1050 principis
269 970 361 1030 ornet
388 967 541 1031 affinitas.
586 965 638 1030 hio
661 970 710 1030 eet
732 966 787 1050 qui
808 987 942 1048 nomen,
972 967 1058 1048 quod

49 1073 74 1113 ro
88 1052 212 1134 aceepit
234 1073 253 1113 a
275 1051 333 1114 deo
355 1051 459 1134 prinei
484 1072 500 1114 e
522 1051 649 1135 generis
672 1050 734 1131 sui,
758 1050 846 1114 dedit
867 1051 974 1132 uobis,
999 1051 1056 1134 qui

87 1156 121 1199 se
143 1135 331 1219 progeniem
354 1157 423 1199 esse
478 1134 592 1199 ereulis
615 1155 680 1199 non
703 1135 940 1206 adulationibus
963 1134 1057 1199 fabu-

86 1220 178 1302 losis,
208 1220 263 1283 sed
286 1221 430 1304 aequatis
456 1219 628 1284 uirtutibus
655 1219 886 1303 comprobauit.
929 1219 983 1282 hie
1005 1222 1057 1283 est

87 1304 142 1387 qui
168 1305 298 1386 inipso
327 1308 399 1368 ortu
425 1305 568 1368 numinis
595 1304 644 1367 sni
667 1304 788 1368 Gallias
810 1304 953 1386 priorum
974 1306 1056 1369 tem·

86 1409 200 1471 porum
227 1389 354 1453 iniuriis
382 1389 528 1453 efferatas
556 1388 771 1472 reipublicae
800 1387 841 1450 ad
866 1388 1056 1471 obsequium

49 1472 234 1553 mreddidit,
259 1474 320 1537 sibi
342 1474 429 1556 ipsas
451 1474 491 1537 ad
513 1474 659 1537 salutem.
692 1471 754 1555 hie,
777 1471 862 1555 quod
883 1472 949 1536 iam
970 1471 1055 1537 falso

86 1556 239 1619 traditum
268 1557 306 1621 de
332 1558 472 1640 antiquis
498 1556 742 1639 imperatoribus
769 1556 958 1640 putabatur,
985 1555 1058 1620 Ro-

86 1661 181 1703 mana
203 1645 293 1704 trans
309 1639 459 1705 Rhenum
480 1641 575 1725 signa
596 1641 720 1724 primus
735 1641 879 1704 barbaris
901 1640 1055 1725 gentibus

86 1723 206 1787 intulit.
252 1725 346 1788 huius
376 1746 447 1788 oum
475 1725 572 1788 fratre
600 1746 709 1788 rursus
738 1746 776 1790 ao
804 1726 930 1809 saepius
959 1746 1056 1808 expe·

88 1805 262 1871 ditionibus
297 1808 417 1872 domita
444 1808 618 1872 Germania
654 1812 709 1872 aut
739 1809 816 1873 boui
850 1809 989 1874 consulit
1018 1812 1057 1873 ut

48 1913 74 1953 ao
87 1890 229 1973 quiescat
251 1896 306 1956 aut
328 1893 464 1955 laetatur
486 1892 577 1977 quasi
599 1892 710 1975 amica,
734 1894 761 1956 si
783 1897 905 1976 pareat.
949 1896 985 1957 tn
1007 1893 1054 1958 fe·

85 1975 266 2040 roeissimos
294 1975 508 2041 Mauritaniae
536 1976 671 2060 populos
698 1978 868 2042 inaccessis
896 1975 1056 2042 montium

86 2058 171 2144 iugis
194 2063 226 2124 et
247 2061 386 2125 naturali
408 2061 586 2126 munitione
608 2060 741 2126 fidentes
764 2063 975 2146 expugnasti,
1004 2083 1055 2126 re-

88 2145 214 2227 cepisti,
249 2146 453 2211 transtulisti.
503 2150 536 2211 te
563 2148 666 2230 primo
700 2146 848 2294 inirem
876 2150 931 2210 tuo
960 2149 1056 2211 tanta

86 2227 224 2312 laetitia,
252 2234 342 2296 tanta
370 2231 551 2316 frequentia
578 2230 714 2315 populus
766 2252 900 2295 omanus
928 2231 1055 2315 excepit

48 2332 75 2373 as
88 2316 136 2395 ut,
175 2336 246 2378 eum
275 2320 307 2380 te
341 2315 382 2380 ad
410 2315 585 2400 Capitolini
612 2315 698 2379 Iouis
749 2315 882 2379 remium
910 2315 1054 2380 uelocius

87 2397 170 2461 ferre
192 2401 333 2482 gestiret,
356 2401 530 2485 stipatione
552 2401 601 2464 sui
622 2399 678 2463 uix
700 2337 867 2482 adportas
889 2399 977 2464 urbis
1001 2399 1055 2465 ad·

88 2483 239 2546 mitteret.
289 2488 321 2547 te
357 2506 465 2548 rursus
502 2484 652 2549 uicesimo
695 2505 780 2547 anno
816 2484 1054 2568 imperatorem,

88 2568 202 2628 octauo
240 2567 418 2646 consulem,
455 2569 502 2631 ita
535 2568 605 2650 ipsa
640 2568 788 2651 amplexu
824 2567 964 2652 quodam
997 2589 1054 2633 suo

87 2647 189 2711 Roma
218 2651 321 2714 uoluit
348 2650 490 2714 detinere
515 2654 552 2714 ut
572 2651 734 2715 uideretur
761 2653 913 2735 augurari
935 2652 1000 2718 iam
1022 2655 1056 2718 et

47 2751 75 2792 eo
87 2732 200 2796 timere
223 2735 306 2817 quod
327 2734 448 2799 factum
471 2737 529 2798 est.
556 2735 738 2814 factumest
759 2737 853 2815 enim,
877 2736 1056 2821 imperator

87 2818 228 2898 aeterne,
265 2818 299 2880 in
327 2839 388 2901 quo
420 2839 484 2882 uuo
514 2819 675 2902 querelam
701 2821 747 2884 rei
776 2821 923 2905 publicae
950 2842 1054 2905 paene

87 2903 241 2964 meruisti.

150 2984 206 3049 IX.
236 2985 322 3048 Audi
339 2985 456 3050 doloris
478 2987 580 3052 nostri
594 2987 729 3052 liberam
751 3009 873 3072 uocem,
896 2989 1054 3073 siqnidem

155 3175 171 3222 4
189 3172 282 3223 uideor
300 3174 322 3221 Δ
339 3171 348 3237 i
366 3176 380 3223 7
400 3179 448 3223 tua
468 3173 533 3224 Con.
552 3176 586 3223 W
602 3173 612 3240 ΙΙ
630 3178 646 3226 8
665 3177 761 3241 quanti
780 3177 872 3240 Carpe
891 3192 973 3241 quarn
991 3179 1018 3226 Η
1039 3176 1052 3244 Η

87 3241 103 3289 9
122 3240 194 3303 quod
208 3241 298 3305 Cusp:
318 3257 363 3292 om.
375 3243 403 3289 Η
416 3246 561 3305 acceptum
574 3257 599 3292 w
611 3241 621 3308 ΙΙ
636 3246 666 3293 10
678 3244 735 3294 suis
749 3244 765 3292 c
778 3240 788 3306 ΙΙ
803 3247 833 3295 15
846 3246 915 3311 ipsis
926 3247 1055 3310 Jeeperus

89 3302 149 3382 illd
162 3304 231 3374 put]
246 3307 389 3359 uidebatur
397 3308 472 3360 Bert.
486 3307 496 3375 ll
509 3312 540 3359 21
555 3312 702 3361 maritauie
714 3310 794 3359 ABV
806 3309 815 3376 ΙΙ
829 3314 862 3362 24
873 3313 984 3377 populis
997 3327 1019 3368 r.
1031 3314 1055 3363 Δ

88 3383 117 3456 p².
137 3372 162 3444 ri
178 3392 211 3439 W
226 3389 230 3456 Ι
246 3392 384 3443 Romanus
402 3409 449 3444 om.
468 3392 541 3443 Bert.
560 3391 619 3458 1125
637 3394 760 3445 uelocius
778 3397 873 3460 scripsi
884 3400 899 3446 1.
912 3399 928 3445 l.
946 3413 973 3461 p.
987 3399 1054 3447 218.-

87 3457 134 3508 uel
146 3459 270 3510 oeulislt
283 3457 293 3524 ΙΙ
305 3463 338 3511 30
352 3459 454 3510 laetum
467 3465 510 3512 est
523 3474 559 3510 w:
574 3478 620 3512 om.
632 3462 659 3509 u
671 3459 681 3526 ΙΙ
693 3465 726 3513 33
739 3462 874 3527 siquidem
887 3463 970 3514 etiam
983 3463 1054 3515 diw
