2294 3780
268 174 481 231 THEODOSIO
501 180 671 231 AUGUSTO
689 182 723 231 D.
742 184 851 233 ‘rr-23.
978 183 1038 248 291

72 329 198 394 fulmen
221 329 413 411 exceperint,
435 330 574 393 numinis
594 334 715 394 terrore
734 330 876 413 percussi
898 333 931 395 et
951 333 1040 398 uelut

74 413 175 478 afflati
198 413 372 495 quieseant.
403 417 459 476 tua
482 415 578 493 enim,
601 414 784 498 imperator,
809 415 951 497 auspicia
972 438 1040 481 nen

73 499 154 562 haec
169 501 295 562 tantum
310 501 423 581 gentes
438 502 581 562 tremunt
601 521 680 582 quas
702 500 742 562 ab
757 500 832 563 orbe
853 505 964 564 nestro
986 501 1040 564 sil·

72 604 186 647 uarum
208 581 378 646 interualla
400 581 452 646 uel
474 582 608 646 flumina
635 588 801 648 montesue
823 584 1038 681 distinguunt,

73 667 128 732 sed
152 688 230 750 quas
252 666 391 731 aeternis
417 667 581 731 ardoribus
603 668 782 732 inaccessas
810 672 866 732 aut
887 672 1065 735 contmuas

72 751 178 815 hieme
200 754 364 834 separatas
390 754 447 814 aut
468 752 634 816 interfusis
658 754 848 835 aequoribus
872 753 1039 818 abiunctas

72 839 189 900 natura
211 836 423 900 disterminat.
467 857 533 899 non
554 856 672 900 oceano
694 837 808 920 Indus,
830 859 897 901 non
919 839 1039 923 frigore

71 919 285 1003 Bosforanus,
326 941 393 983 non
426 919 532 984 Arabs
570 921 675 984 medio
710 922 777 984 sole
811 944 940 987 securus
973 927 1038 987 est:

71 1026 135 1088 quo
156 1004 212 1068 uix
233 1007 423 1087 peruenerat
449 1026 567 1069 nomen
593 1009 668 1069 ante
690 1004 898 1090 Romanum‚'
918 1007 1040 1071 accedit

71 1089 251 1172 imperium.
296 1089 441 1152 dicamne
471 1111 531 1174 ego
557 1092 704 1173 receptos
734 1090 888 1154 seruitum
917 1090 1039 1156 Gothos
1052 1111 1078 1152 re

73 1174 187 1237 castris
202 1173 266 1237 tuis
284 1173 429 1256 militem,
452 1174 545 1237 terris
565 1173 712 1238 sufficere
733 1173 912 1238 cultorem?
933 1175 1038 1239 dicam

72 1279 92 1321 a
114 1257 285 1322 rebellibus
301 1257 467 1322 Saracenis
487 1278 607 1341 poenas
627 1259 742 1341 polluti
762 1257 898 1322 foederis
919 1260 1038 1342 expeti·

71 1342 147 1406 tas?
186 1342 291 1406 dicam
317 1342 523 1407 interdictum
546 1342 674 1426 Scythis
696 1343 821 1408 Tanain
850 1346 882 1406 et
902 1343 1038 1408 inbelles

72 1447 165 1490 arcus
197 1426 292 1490 etiam
326 1426 480 1511 fugientis
510 1427 654 1491 Albani?
699 1448 915 1510 quaecumque
949 1428 1038 1495 natio

70 1511 280 1575 barbarorum
306 1512 420 1576 robore
446 1511 566 1575 ferocia
594 1533 727 1575 numero
749 1512 857 1596 grauis
886 1530 1077 1594 umquam1⁵

70 1595 165 1660 nobis
187 1595 258 1678 fuit,
282 1599 338 1660 aut
352 1596 429 1659 boni
452 1595 591 1659 consulit
613 1599 648 1659 ut
665 1596 809 1680 quiescat-
831 1599 888 1660 aut
903 1596 1038 1661 laetatur

71 1680 163 1764 quasi
196 1682 312 1761 amica,
348 1683 375 1744 si
402 1680 528 1744 seruiat.
574 1680 680 1744 Persis
712 1680 783 1764 ipsa
815 1681 862 1743 rei
889 1680 1037 1764 publicae

71 1767 200 1828 nostrae
227 1768 312 1829 retro
340 1765 464 1829 aemula
492 1768 524 1828 et
545 1765 654 1829 multis
677 1764 894 1829 Romanorum
922 1766 1038 1830 ducum

69 1849 194 1913 famosa
224 1849 404 1932 funeribus,
442 1850 590 1933 quicquid
624 1872 775 1934 umquam
808 1850 844 1914 in
874 1849 1037 1935 principes

70 1936 197 1997 nostros
212 1934 436 1998 inclementius
451 1933 538 2016 fecit,
563 1938 693 1998 excusat
707 1935 870 2018 obsequio.
899 1935 1036 2018 denique
1049 1952 1076 1991 2⁰

70 2018 140 2100 ipse
160 2017 215 2082 ille
229 2039 284 2081 rex
305 2018 372 2082 eius
387 2018 579 2101 dedignatus
600 2022 695 2082 antea
715 2018 858 2082 confiteri
874 2018 1036 2082 hominem

70 2102 136 2165 iam
163 2102 283 2166 fatetur
310 2103 459 2166 timorem
486 2105 518 2165 et
545 2102 580 2165 in
605 2102 655 2165 his
684 2106 717 2165 te
747 2102 824 2166 colit
845 2103 973 2184 templis
1002 2104 1037 2167 in

69 2187 185 2269 quibus
208 2187 336 2269 colitur,
360 2190 429 2250 tum
451 2186 480 2250 le
506 2186 613 2250 atione
635 2185 807 2266 mittenda,
832 2187 967 2270 gemmis
990 2208 1036 2250 se-

69 2271 198 2355 ricoque
226 2271 422 2354 praebendo,
457 2208 580 2335 adhoc
601 2269 849 2354 triumphalibus
871 2270 973 2334 beluis
1001 2270 1036 2333 in

68 2356 125 2418 tua
147 2356 257 2420 esseda
280 2356 505 2441 suggerendis,
533 2356 594 2419 etsi
617 2354 720 2419 adhuc
741 2355 872 2419 nomine
893 2354 1035 2418 foedera·
1048 2370 1075 2410 2⁵

70 2443 140 2515 tus,
164 2440 228 2503 iam
250 2444 360 2505 tamen
381 2441 446 2504 tuis
469 2440 605 2505 cultibus
627 2439 814 2504 tributarius
838 2441 896 2502 est.

134 2523 253 2589 XXIII.
297 2524 329 2589 N
332 2546 367 2589 cc
388 2529 506 2607 tamen,
529 2526 713 2608 imperator,
737 2524 899 2587 existimes
922 2527 1037 2587 cuncta

69 2629 121 2672 me
138 2608 178 2672 ad
194 2609 318 2672 aurium
356 2611 473 2673 ratiam
483 2610 679 2673 locuturum:
694 2607 864 2691 triumphis
876 2608 939 2672 tuis
951 2607 1036 2672 Galli

70 2693 215 2778 (stupeas
236 2631 359 2840 licebit}
382 2694 558 2757 irascimur.
588 2693 662 2757 dum
684 2693 719 2757 in
740 2695 864 2757 remota
878 2695 1035 2757 terrarum

68 2776 228 2840 uincendo
243 2798 338 2860 proce
361 2778 398 2860 is,
423 2778 499 2842 dum
520 2777 604 2842 ultra
618 2778 770 2842 terminos
792 2798 898 2840 rerum
920 2780 1034 2840 metas·
1048 2793 1075 2834 eo

139 3034 306 3084 lflumenc
330 3032 335 3098 Ι
359 3033 538 3083 celaturae
555 3036 589 3082 W
618 3031 627 3098 ΙΙ
657 3031 742 3083 3hec
760 3047 821 3095 epo.-
842 3031 985 3081 hecAW
1003 3031 1036 3082 lie

68 3106 128 3151 cett.
158 3098 168 3165 Ι
198 3097 364 3167 8B0sph0r.
382 3103 437 3150 Bu
466 3099 476 3165 Ι
506 3100 649 3151 descedit
666 3114 704 3149 νε
729 3098 830 3149 accidit
847 3101 874 3145 Η
903 3096 913 3164 ΙΙ
945 3101 976 3149 10
994 3115 1036 3149 re·

67 3171 179 3232 ceptum
198 3168 271 3219 Bert.
288 3170 292 3232 Ι
307 3170 343 3219 ad
362 3169 503 3220 seruitium
521 3169 579 3218 edd.
599 3166 609 3233 ΙΙ
628 3170 659 3217 12
678 3168 783 3216 Sarrae.
801 3167 824 3214 Δ
835 3166 867 3215 W
883 3166 887 3229 Ι
902 3167 992 3232 poluti
1003 3167 1036 3215 W

66 3235 154 3286 soluti
171 3237 305 3287 Acidaliae
325 3235 335 3302 ΙΙ
360 3240 390 3287 13
408 3238 506 3297 cancia
525 3236 547 3284 A
564 3232 574 3299 ΙΙ
597 3238 628 3285 14
647 3235 787 3299 fugientes
804 3235 827 3282 Δ
846 3232 856 3299 Ι
880 3236 911 3285 16
930 3234 1036 3284 ferocia

68 3308 119 3353 aut
136 3318 211 3356 num.
229 3303 304 3355 Ber-t.
323 3305 410 3356 feroci
427 3318 557 3355 enumero
573 3304 597 3351 Δ
612 3302 615 3365 Ι
631 3303 744 3367 grauius
762 3303 795 3363 A3
814 3319 847 3352 cn
866 3301 996 3366 grauior?
1029 3298 1033 3363 Ι
1105 3304 1113 3319 ·

67 3372 101 3421 16
124 3371 178 3421 fuit
200 3372 279 3423 nobis
296 3376 330 3422 W
361 3371 366 3437 Ι
399 3376 447 3423 aut
470 3372 595 3436 quiescat
612 3370 673 3420 BV
701 3368 712 3434 ΙΙ
741 3372 772 3419 21
796 3384 825 3420 se
847 3377 907 3434 post
924 3368 1036 3432 dedign.

65 3440 128 3492 add.
147 3453 172 3488 w
201 3437 212 3505 ΙΙ
241 3442 274 3491 25
292 3440 390 3491 esedra
408 3453 433 3488 w
450 3438 499 3490 tud
514 3437 648 3491 essedisv
672 3436 677 3499 Ι
701 3433 821 3502 nomine]
841 3450 896 3486 non
915 3439 957 3487 est
974 3436 1033 3486 edd.

69 3504 81 3571 l
105 3508 139 3558 28
157 3523 199 3559 me
218 3523 265 3558 om.
284 3508 523 3571 WlGalliAW:
544 3507 651 3571 gallicis
670 3507 688 3554 0
705 3505 727 3553 V
744 3503 883 3569 galicisB

840 3586 894 3637 lb*
