2294 3780
113 133 176 195 114
412 133 464 186 ΙΙΙ.
500 132 555 183 GL.
574 130 784 184 MAMERTINI

112 283 194 366 perii
221 282 321 347 uestri
343 280 530 346 felicitatem
558 285 594 344 ui
614 280 755 363 undique
783 301 817 344 se
838 279 995 345 barbarae
1024 302 1084 345 na·

112 368 217 431 tiones
243 366 386 431 uicissim
414 365 556 429 lacerent
585 367 617 427 et
639 365 789 428 excidant
834 363 966 428 alternis
988 363 1081 429 dimi·

113 451 295 516 cationibus
315 454 347 513 et
365 449 490 513 insidiis
512 447 616 512 clades
637 469 711 512 suas
726 414 891 532 duplicent
911 451 944 512 et
957 448 1086 514 instau-

113 539 194 616 rent,
218 533 411 599 Sarmaticas
425 535 551 597 uestras
567 534 599 596 et
613 531 762 596 Raeticas
783 535 816 596 et
829 531 1082 598 transrhenanas

85 636 99 675 5
112 618 330 701 expeditiones
341 617 449 681 furore
458 617 598 700 percitae
613 617 648 680 in
661 619 762 681 semet
772 617 947 680 imitentur.
968 620 1085 682 sancte

111 703 257 786 luppiter
284 705 316 766 et
337 700 494 765 Hercules
515 700 613 783 bone,
643 701 774 765 tandem
796 700 881 764 bella
908 701 1017 765 ciuilia
1039 701 1081 766 ad

135 789 225 850 entes
255 785 312 849 illa
343 786 476 850 uesania
504 784 618 869 dignas
647 783 857 849 transtulistis
889 806 1083 870 omnemque

111 808 199 933 illam
221 869 343 933 rabiem
368 872 458 934 extra
479 869 633 933 terminos
654 868 749 933 huius
771 869 898 953 imperii
919 868 955 933 in
976 873 1083 935 terras

111 953 252 1018 hostium
280 953 457 1020 distulistis.
502 953 638 1036 etenim,
672 952 756 1036 quod
784 953 831 1017 ait
858 953 913 1017 ille
940 953 1081 1018 Romani

73 1055 98 1095 10
112 1039 262 1103 carminis
284 1038 406 1120 primus
428 1039 554 1101 auctor:

186 1170 221 1227 ‘a
242 1164 310 1228 sole
331 1163 492 1227 exoriente
514 1183 614 1246 usque
636 1162 674 1225 ad
697 1161 818 1225 Maeoti
839 1161 1001 1246 paludes',

110 1290 143 1353 id
168 1311 254 1355 nune
276 1290 404 1374 longius
426 1289 617 1373 longiusque
639 1289 831 1372 protendere
852 1288 943 1370 lieet,
973 1289 1001 1353 si
1023 1290 1081 1372 qui

109 1374 259 1440 hostilem
286 1375 322 1438 in
349 1376 460 1437 mutua
488 1373 578 1438 clade
610 1373 775 1437 uesaniam
802 1375 873 1436 toto
902 1373 979 1436 orbe
1006 1394 1079 1456 per·

111 1463 250 1523 censeat.
296 1457 416 1522 etenim
438 1457 479 1520 ab
501 1458 572 1539 ipso
595 1458 672 1520 solis
695 1459 768 1520 ortu
789 1477 857 1520 non
878 1457 973 1520 modo
996 1457 1082 1522 citra

72 1558 97 1597 1⁵
109 1541 264 1606 Maeotim
291 1563 328 1605 ac
356 1542 415 1604 sub
443 1543 585 1604 extrema
612 1541 840 1623 septentrionis
868 1541 981 1688 plaqla,
1015 1563 1080 1625 qua

109 1625 268 1690 feruidum
302 1627 397 1708 eaput
424 1622 590 1687 Danuuius
625 1624 747 1689 euoluit
775 1646 901 1708 quaque
953 1625 1080 1691 orridus

110 1712 198 1773 secat
225 1709 318 1773 Albis
347 1707 566 1791 Germaniam,
600 1708 656 1772 sed
684 1707 782 1772 etiam
811 1709 869 1773 sub
898 1709 968 1793 ipso
995 1711 1079 1775 lucis

110 1813 223 1856 occasu
230 1842 239 1875 ,
270 1813 332 1874 qua
360 1791 423 1854 Tin
450 1791 536 1855 'tane
565 1791 651 1855 litori
679 1791 845 1876 Calpetani
874 1793 994 1858 montis
1022 1795 1080 1858 ob·

110 1876 196 1938 uium
212 1877 295 1939 latus
318 1875 353 1938 in
368 1896 419 1938 me
444 1875 616 1939 'terraneos
639 1877 727 1940 sinus
749 1877 891 1940 admittit
909 1899 1078 1962 oceanum,

71 1976 97 2016 20
110 1967 206 2023 ruunt
238 1980 348 2023 omnes
381 1959 416 2022 in
449 1959 640 2044 sanguinem
674 1963 772 2025 suum
798 1961 925 2044 populi,
960 1962 1077 2046 quibus

108 2066 283 2128 numquam
306 2043 444 2128 contigit
466 2065 534 2108 esse
548 2043 713 2127 Romanis,
735 2046 979 2129 obstinataeque
1000 2045 1079 2111 feri-

109 2129 185 2193 tatis
252 2150 329 2193 enas
351 2150 440 2192 nune
463 2131 577 2212 sponte
598 2129 796 2214 persoluunt.

172 2152 275 2279 xiil.
312 2212 405 2278 Furit
426 2213 461 2277 in
483 2214 606 2277 uiscera
628 2236 685 2278 sua
707 2235 787 2298 gens
810 2213 929 2278 effrena
946 2213 1078 2279 Mauro-

108 2318 189 2380 rum,
216 2297 314 2363 Gothi
335 2296 542 2382 Burgrmdios
564 2299 692 2381 penitus
715 2298 866 2363 excidunt
887 2320 1077 2383 rursumque

69 2397 96 2438 25
108 2404 166 2464 pro
201 2383 295 2447 uictis
333 2387 498 2446 armantur
530 2381 704 2446 Alamanni
740 2383 879 2466 itemque
908 2383 1075 2467 Tenuingi,

107 2487 181 2548 pars
204 2466 266 2529 alia
288 2465 476 2548 Gothorum,
499 2467 650 2530 adiuncta
672 2488 772 2530 manu
792 2466 999 2547 Taifalorum,
1022 2466 1077 2530 ad-

107 2569 236 2611 uersum
250 2549 418 2613 Vandalos
440 2548 641 2633 Gipedesque
664 2552 867 2615 concurrunt.
896 2551 982 2633 ipsos
998 2549 1076 2614 Per-

108 2652 159 2695 sas
181 2631 347 2715 ipsumque
369 2653 477 2715 regem
501 2631 630 2695 adscitis
652 2630 739 2697 Sacis
762 2637 795 2697 et
815 2629 916 2698 Rufiis
940 2637 972 2698 et
987 2634 1077 2699 Gelis

106 2715 189 2798 petit
217 2713 318 2779 frater
344 2714 468 2779 Ormies
495 2735 555 2780 nec
583 2715 715 2799 respicit
741 2717 793 2781 uel
819 2740 878 2801 pro
906 2719 1076 2784 maiestate

177 2905 190 2953 1
209 2907 241 2953 ut
258 2917 296 2954 w:
316 2920 362 2954 om.
380 2904 407 2953 Μ
432 2901 442 2968 ΙΙ
467 2905 484 2954 4
502 2903 681 2954 transrhenas
699 2906 740 2968 u,
759 2920 828 2958 corr.
846 2921 863 2971 ς
889 2904 898 2970 ΙΙ
925 2909 940 2956 7
961 2905 1010 2955 illa
1027 2907 1076 2956 Li·

107 2972 219 3020 uineius:
237 2970 301 3021 illas
319 2971 346 3017 Μ
367 2967 371 3034 Ι
391 2970 469 3035 digni
486 2972 514 3018 li
532 2970 616 3034 digna
634 2985 659 3020 w
682 2969 692 3037 11
717 2973 747 3022 11
767 2987 854 3037 usque
874 2972 909 3022 ad
927 2973 1076 3023 Liuineius:

108 3036 248 3102 adusque
267 3037 317 3102 ΜΙ
338 3038 435 3088 meotis
453 3040 491 3100 ¹¹3
513 3038 612 3088 Ennius
629 3042 670 3089 ed.
690 3040 761 3091 Uala.
779 3057 806 3104 p.
826 3042 876 3090 163
900 3037 910 3104 ΙΙ
936 3041 967 3090 12
985 3041 1076 3104 siquis

105 3104 126 3152 B
144 3106 162 3152 c
181 3104 203 3152 V
221 3118 246 3152 w
276 3103 286 3171 η
317 3107 349 3156 14
370 3105 423 3155 hac
446 3106 517 3156 citra
541 3105 627 3168 (circa
648 3103 736 3170 Bert.)
759 3108 855 3156 meotis
878 3108 927 3157 sub
949 3109 976 3155 Μ
1001 3109 1077 3157 circa

105 3170 230 3221 Maeotin
250 3189 284 3221 ac
302 3173 352 3222 sub
370 3173 501 3223 Liuineius
513 3171 524 3238 ΙΙ
538 3176 569 3224 l'l
586 3171 676 3240 Albis]
697 3173 762 3224 alba
779 3176 806 3222 Μ
820 3173 895 3224 Bert.
912 3171 921 3240 ΙΙ
935 3176 967 3225 18
984 3175 1077 3225 litoris

105 3238 246 3302 salpitano
264 3242 291 3288 Μ
309 3239 385 3289 litori
403 3239 552 3305 sealpitani
569 3255 594 3289 w
612 3239 671 3307 [121
689 3242 826 3306 contingit
842 3242 909 3290 ΔΨ
921 3239 931 3308 ΙΙ
948 3245 981 3293 23
999 3258 1075 3292 man·

105 3307 238 3357 corumA
260 3305 270 3371 ΙΙ
291 3309 324 3356 24
341 3307 500 3372 burgundos
517 3310 544 3356 Μ
565 3304 575 3372 ΙΙ
596 3311 629 3360 26
647 3308 817 3359 Taifolorum
836 3310 926 3364 Bere„-
948 3309 1076 3360 theifalo-

104 3389 165 3425 rum
181 3375 209 3421 u
229 3372 239 3439 ΙΙ
263 3376 295 3424 27
313 3374 446 3425 bandalos
464 3373 517 3424 AB
531 3378 548 3424 c
560 3377 583 3422 V
600 3375 745 3427 blundalos
763 3376 796 3424 W
807 3376 883 3429 Bert.
905 3374 916 3442 ll
936 3379 969 3428 28
987 3378 1076 3427 saccis

104 3447 132 3492 et
150 3438 228 3493 ruffio
247 3445 275 3492 et
294 3440 376 3508 gellis
393 3441 488 3508 111129
507 3441 643 3494 Ormisela
661 3444 774 3495 Dicaeus
790 3446 847 3494 coll.
860 3444 972 3510 Eutrop.
986 3446 1030 3494 IX
1041 3447 1076 3494 25
