2294 3780
106 151 148 215 62
211 159 214 163 ’
428 153 450 202 1.
485 153 516 203 o.
533 153 650 205 annui
668 152 747 205 riu.

106 303 298 368 utilitatibus
321 306 353 366 et
373 303 549 386 insurgere.
589 322 700 365 omncs
723 305 798 365 ante
820 305 851 366 te
874 303 985 367 eadem
1006 304 1077 370 ista

107 389 265 468 dixerunt,
287 387 408 450 nemini
431 390 538 450 tamen
562 389 637 449 ante
659 388 692 448 te
715 385 868 450 creditum
890 391 947 451 est.
978 394 1076 454 erant

107 473 166 537 sub
188 472 287 536 oculis
309 471 481 554 naufragia
501 470 684 553 multorum,
707 491 785 553 quos
807 471 962 535 insidiosa
983 476 1073 538 tran·

107 557 264 640 quillitate
307 558 474 637 prouectos
516 555 710 637 improuisus
752 554 846 618 turbo
881 557 1076 638 perculerat,

80 641 190 723 equod
214 640 299 702 enim
320 641 386 702 tam
408 639 541 703 infidum
563 660 650 702 mare
673 654 775 720 quam¹
785 638 961 703 blanditiae
983 643 1073 725 prin-

107 726 214 806 cipum
235 723 377 804 illorum,
406 723 520 805 quibus
542 726 635 786 tanta
656 722 786 804 leuitas,
812 726 902 787 tanta
923 725 1013 788 fraus
1035 730 1074 791 ut

107 809 248 872 securius
271 811 354 871 esset
374 808 473 871 iratos
496 830 591 890 quam
605 806 763 890 propitios
777 805 917 872 habere?
940 812 972 872 te
995 832 1072 874 uero

106 893 209 956 securi
242 896 274 954 et
302 891 421 955 alacres
453 913 516 974 quo
542 912 636 956 uocas
668 891 836 973 sequimur.
881 892 971 957 iubes
1002 915 1073 959 esse

106 977 240 1041 liberos:
277 974 409 1059 crimus;
453 976 542 1040 iubes
571 996 650 1058 quae
678 976 834 1039 sentimus
861 999 1007 1059 promere
1035 979 1072 1042 in

69 1060 261 1125 amelium:
298 1058 506 1141 proferemus,
556 1080 659 1142 neque
687 1059 773 1121 enim
808 1058 912 1124 adhuc
940 1061 1075 1145 ignauia

107 1145 242 1229 quadam
264 1146 297 1207 et
318 1143 417 1207 insito
440 1147 567 1227 torpore
591 1143 799 1207 cessauimus:
827 1146 930 1208 terror
953 1148 985 1209 et
1007 1168 1071 1212 mc

106 1233 157 1294 tus
186 1232 218 1292 et
239 1227 355 1292 misera
378 1227 434 1292 illa
462 1250 499 1292 ex
521 1228 671 1311 periculis
698 1227 785 1290 facia
806 1229 977 1309 prudentia
1004 1252 1074 1295 mo·

106 1315 205 1378 nebat
231 1317 267 1377 ut
294 1335 313 1376 a
340 1333 374 1375 re
402 1313 531 1395 publica
564 1313 690 1398 (aberat
719 1314 826 1375 autem
861 1315 991 1377 omnino
1019 1337 1074 1378 res

106 1398 249 1483 publica)
274 1397 382 1461 oculos
404 1417 495 1461 aures
516 1399 640 1462 animos
662 1400 884 1460 auerteremus.
929 1401 963 1460 at
985 1420 1075 1462 nunc

69 1499 94 1538 1⁵
106 1489 162 1546 tua
182 1482 312 1545 dextera
330 1482 456 1564 tuisque
471 1482 635 1564 promissis
650 1480 726 1544 freti
747 1483 779 1543 et
793 1481 896 1543 innixi
917 1482 1075 1565 obsaepta

108 1567 232 1629 diutina
247 1565 400 1628 seruitute
417 1585 472 1627 ora
486 1586 662 1629 reseramus
676 1563 898 1646 franciamque
913 1568 963 1628 tot
978 1566 1077 1630 malis

107 1651 251 1733 linguam
272 1648 470 1710 resoluimus
508 1649 558 1711 uis
581 1649 666 1712 enim
687 1647 769 1711 tales
792 1667 939 1710 essenos
962 1651 1074 1731 quales

107 1735 212 1814 iubes,
241 1731 384 1814 nihilque
412 1731 687 1796 exhortationibus
714 1731 778 1794 tuis
803 1730 960 1814 fucatum,
988 1733 1073 1798 nihil

108 1816 286 1897 subdolum,
308 1816 390 1879 nibil
405 1816 538 1899 denique
557 1816 641 1899 quod
657 1815 840 1878 credentem
854 1814 965 1880 fallere
980 1822 1074 1901 paret

69 1924 94 1963 so
107 1923 174 1966 non
196 1900 264 1962 sine
285 1899 426 1981 periculo
441 1899 592 1963 fallentis.
621 1920 723 1982 neque
746 1898 831 1962 enim
854 1921 1004 1983 umquam
1020 1903 1072 1966 de-

108 1988 216 2068 ceptus
240 1986 288 2047 est
308 1983 457 2066 princeps
479 1984 542 2046 nisi
564 1985 618 2066 qui
639 1984 727 2067 prius
749 1983 818 2066 ipse
841 1983 976 2067 decepit.

170 2066 301 2133 LXVII.
345 2066 503 2150 Equidem
524 2067 610 2132 hunc
632 2068 775 2150 parentis
797 2068 919 2150 publici
941 2090 1072 2133 sensum

108 2175 180 2218 cum
206 2151 411 2216 exoratione
440 2152 506 2216 eius
528 2156 596 2216 tum
618 2151 880 2237 pronuntiatione
908 2153 979 2235 ipsa
1001 2175 1072 2236 per-

107 2239 247 2321 spexisse
267 2236 387 2300 uidcor.
433 2258 512 2319 quae
534 2237 621 2300 enim
647 2237 704 2300 illa
727 2237 870 2319 grauitas
898 2239 1072 2302 sententia-

69 2323 194 2386 asrum!
223 2343 317 2404 quam
338 2320 524 2386 inaffectata
545 2322 665 2386 ueritas
687 2322 872 2385 uerborum!
901 2324 969 2384 tum
991 2343 1074 2404 quac

108 2406 305 2469 adseueratio
320 2405 354 2468 in
370 2408 462 2470 uoce!
485 2428 565 2489 quae
581 2405 753 2471 affirmatio
773 2405 808 2468 in
823 2404 930 2468 uultu!
950 2409 1074 2488 quanta

107 2490 142 2552 in
164 2489 272 2570 oculis,
295 2488 418 2565 habitu,
440 2495 543 2572 gestu,
571 2494 640 2554 toto
664 2489 799 2571 denique
823 2508 953 2571 corpore
975 2489 1072 2554 fides!

106 2572 229 2635 tenebit
251 2592 328 2654 ergo
350 2592 476 2654 semper
490 2572 566 2655 quid
589 2573 726 2644 suaserit
741 2573 881 2655 scietquc
903 2593 972 2654 nos,
996 2593 1073 2655 quo·

107 2655 191 2718 tiens
213 2654 393 2717 libertatem
416 2676 511 2736 quam
528 2656 616 2719 dedit
638 2655 846 2738 experiemur,
870 2656 930 2719 sibi
945 2678 1069 2738 parere.

70 2759 166 2803 conec
196 2737 370 2801 uerendum
398 2742 448 2802 est
479 2759 519 2801 nc
546 2739 695 2803 incautos
722 2741 828 2821 putet,
863 2740 890 2803 si
917 2740 1073 2807 fidelitate

107 2863 287 2871 .------—-
305 2863 310 2868 .

174 2929 190 2978 2
208 2931 236 2975 te
254 2943 299 2978 om.
313 2923 394 2989 Bw!
412 2927 429 2975 4
446 2925 582 2989 profectos
600 2926 677 2991 Cusp.
690 2924 700 2990 ΙΙ
713 2929 728 2976 7
743 2928 867 2976 securius
879 2943 939 2990 epo:
959 2927 1072 2980 facilius

106 2998 133 3044 Η
152 2993 260 3044 felicius
278 2993 382 3055 Lipsius
400 2990 450 3055 110
467 2993 629 3056 proferimus
647 3007 672 3042 w
689 3008 840 3057 promemus
854 2994 1037 3046 Rittersiiusius
1057 2993 1071 3062 ll

109 3064 140 3111 12
159 3061 236 3110 facta
254 3060 463 3114 detlirnestiur:
480 3063 562 3112 malim
580 3066 645 3111 nata
658 3059 668 3126 ΙΙ
681 3064 713 3112 13
731 3061 825 3110 aberat
841 3063 950 3123 scripsi:
968 3067 1029 3112 erat
1043 3063 1073 3110 Η

107 3128 183 3178 nulla
195 3131 285 3178 autem
297 3131 355 3177 erat
368 3141 384 3192 ς
402 3131 462 3177 crat
479 3132 571 3178 autem
583 3129 692 3178 omnino
705 3127 781 3178 nulla
798 3129 855 3179 edd.
869 3125 879 3192 ΙΙ
894 3130 924 3178 15
942 3127 1069 3196 obsepta]

107 3197 205 3246 obsuta
222 3195 256 3246 N.
274 3196 397 3244 Heinsius
414 3194 542 3245 obserata
559 3196 695 3247 Ernestius
711 3193 721 3260 ll
740 3198 771 3245 19
789 3194 858 3244 nihil
875 3197 935 3245 add.
954 3196 1072 3247 Keilius:

108 3279 154 3314 ora.
172 3261 421 3325 11,postdeniquc
439 3264 499 3312 cdd.
519 3277 535 3328 ς
559 3260 568 3327 ΙΙ
592 3265 625 3313 23
644 3279 678 3313 ex
697 3262 818 3312 oratione
835 3263 955 3326 Lipsius:
976 3263 1073 3314 exhor-

107 3331 212 3380 tatione
230 3330 257 3376 Π
280 3327 285 3391 l
309 3334 367 3378 tum
388 3343 402 3376 e
426 3343 503 3392 pron.
528 3330 558 3380 G.
576 3331 613 3380 H.
633 3329 789 3390 Sebaeferus
812 3328 817 3390 Ι
841 3330 1012 3394 perspexisse
1030 3330 1072 3381 Si·

106 3399 231 3448 cburdus:
254 3395 405 3460 respexisse
421 3396 448 3442 li
469 3394 479 3459 ΙΙ
500 3399 534 3446 25
555 3398 674 3449 uerborir
694 3403 751 3446 tum
772 3410 839 3459 quae
856 3399 963 3461 scripsi.-
986 3398 1073 3449 uerbo

107 3480 195 3516 rerum
213 3478 283 3530 quae
300 3466 341 3514 uei
357 3477 498 3529 rerumque
513 3464 541 3511 n
