2294 3780
561 363 625 438 IV.
739 394 779 415 ν·

412 515 772 614 EUMENII

281 679 367 745 PRO
395 679 732 746 RESTAURANDIS
761 680 907 747 SCOLIS

472 818 496 869 0
515 818 539 868 R
557 818 581 867 A
598 818 621 867 Τ
640 819 653 868 1
673 816 710 868 Ο.

171 966 197 1030 Ι.
232 964 363 1031 Certum
384 965 498 1048 habeo,
524 965 575 1029 uir
595 965 837 1050 perfectissime,
859 986 925 1030 non
947 967 1102 1050 quidemr

106 1053 140 1114 te
189 1050 244 1133 qui
265 1071 391 1135 semper
412 1050 448 1113 in
470 1050 558 1113 omni
581 1071 698 1135 genere
720 1050 847 1114 dicendi
868 1054 1009 1115 maxima
1028 1051 1076 1115 fa·

108 1156 126 1199 c
161 1137 229 1199 tate
250 1134 394 1218 uiguisti,
417 1134 470 1197 sed
488 1134 764 1198 circumstantium
780 1135 947 1218 plerosque
965 1136 1077 1199 mirari

131 1219 195 1283 uod
210 1239 281 1303 ego,
304 1218 358 1301 qui
381 1217 420 1281 ab
435 1218 565 1281 ineunte
587 1218 805 1282 adulescentia
820 1239 919 1300 usque
940 1218 975 1281 in
990 1217 1076 1282 hunc

133 1303 195 1366 'em
216 1323 390 1385 numquam
412 1301 475 1365 isto
496 1302 531 1365 in
553 1301 625 1365 loco
647 1301 780 1364 dixerim
804 1304 850 1385 st,
872 1302 1076 1385 quantulum-

109 1407 235 1470 cunque
262 1385 341 1449 illud
369 1387 418 1450 est
444 1384 528 1469 quod
556 1386 665 1451 labore
700 1406 738 1449 ae
764 1385 932 1470 diligentia
966 1385 1077 1449 uideor
1088 1410 1114 1450 ro

111 1472 315 1553 consecutus,
344 1490 491 1534 exercere
513 1470 664 1553 priuatim
690 1490 786 1553 quam
807 1471 842 1534 in
864 1470 935 1534 foro
957 1470 1077 1534 iactare

109 1554 292 1637 maluerim,
325 1575 412 1618 nunc
440 1554 567 1618 demum
593 1576 664 1619 sero
692 1553 829 1638 quodam
857 1554 1007 1619 tirocinio
1036 1554 1076 1618 ad

108 1638 277 1704 insolitum
314 1637 393 1703 mihi
423 1639 564 1703 tribunal
597 1638 750 1722 aspirem:
794 1661 813 1702 a
841 1660 902 1722 quo
932 1659 991 1723 ego
1024 1660 1077 1702 me

108 1722 226 1806 fateor,
260 1743 451 1806 quamquam
482 1721 562 1785 mihi
590 1723 680 1787 sedes
713 1723 776 1787 ista
804 1722 945 1787 iustitiae
974 1726 1007 1786 et
1034 1722 1079 1788 ad

109 1805 270 1892 agendum
293 1805 387 1870 etad
410 1805 579 1871 dicendum
602 1807 800 1891 amplissima
821 1807 992 1890 uideretur,
1016 1806 1115 1871 dil-1⁵

109 1891 216 1988 usum,
231 1893 341 1954 tamen
373 1890 503 1975 ingenio
534 1912 607 1988 meo
639 1892 782 1989 tumim.
805 1892 921 1956 afuisse
955 1895 988 1955 et
1014 1891 1077 1956 hoo

108 1975 1077 2142 tttilletoqltrtistttttltfftstlte·

109 2142 325 2226 trepidatione
347 2142 498 2206 reuocari.

174 2225 217 2291 ll.
251 2225 300 2291 Ne
320 2226 397 2309 quid
411 2227 512 2310 igitur
532 2230 588 2289 aut
603 2226 746 2308 opinioni
761 2225 927 2288 hominum
946 2223 1077 2287 dubium
1090 2244 1116 2286 ao

109 2308 290 2393 relinquam
323 2313 380 2373 aut
413 2309 673 2393 interpretationi
709 2331 747 2372 ex
774 2309 834 2371 hac
861 2307 1078 2391 postulatione

110 2414 208 2477 quam
236 2393 274 2458 de
299 2394 505 2458 restituendis
528 2392 652 2477 patriae
679 2414 768 2456 meae
790 2391 969 2456 Maenianis
997 2389 1078 2455 mihi

111 2477 299 2543 sumendam
342 2477 426 2542 otius
449 2499 544 2561 quam
565 2478 712 2561 cuiquam
734 2476 946 2562 delegandam
966 2477 1079 2560 putaui

111 2565 171 2627 out
189 2562 293 2627 maius
318 2500 360 2626 de
382 2583 432 2626 me
455 2561 575 2645 aliquid
596 2583 691 2646 quarn
712 2582 807 2646 posse
833 2583 885 2625 me
906 2562 1011 2625 sentio
1032 2561 1077 2624 ui-

111 2645 188 2709 dear
201 2646 406 2729 promittere:
429 2648 643 2710 contestatum
659 2667 727 2711 esse
742 2646 835 2710 initio
850 2645 977 2711 dicendi
1000 2647 1078 2728 aput
1091 2663 1117 2706 as

112 2729 278 2793 audientes
294 2730 368 2793 uolo
383 2733 450 2794 tem
475 2731 614 2794 orarium
629 2751 679 2794 me
695 2729 821 2794 dicendi
835 2751 961 2812 munus,
983 2732 1078 2812 atque

110 2813 145 2877 id
164 2813 270 2897 ipsum
292 2815 371 2879 meis
394 2753 508 2877 studiis
530 2813 734 2898 peculiariter
756 2813 965 2895 commodum,
987 2813 1078 2876 inuo-

112 2896 189 2980 lare,
204 2918 271 2961 non
286 2898 326 2962 ad
341 2897 541 2982 incognitam
556 2897 636 2961 mihi
651 2901 772 2962 sectam
784 2897 960 2962 forensium
970 2899 1077 2979 patro-

111 3001 229 3046 norum
244 2981 368 3046 alienae
382 2981 487 3046 laudis
507 2982 681 3064 cupiditate
695 2981 842 3045 transire.
870 3002 973 3065 neque
992 2981 1079 3045 enim

180 3188 258 3237 onir
275 3182 490 3251 perfectissime]
510 3184 543 3237 V.
559 3183 590 3234 P.
607 3187 753 3250 pleramque
770 3187 798 3234 Κ
813 3183 823 3250 ΙΙ
843 3187 874 3236 14
892 3185 927 3236 ad
945 3184 1078 3249 agendum

112 3267 151 3303 v:
176 3253 314 3335 agendum
331 3255 359 3302 Η
388 3251 398 3318 ΙΙ
429 3254 460 3303 16
484 3252 606 3303 abfuisse
624 3252 747 3333 Beraq:
769 3251 885 3334 'affuisse
902 3249 1079 3368 nuiulgsii

112 3321 407 3454 ttttltdtt
423 3318 1042 3455 scruturreuersurus
1055 3349 1106 3425 s

113 3470 157 3508 om.
179 3452 280 3519 sp27
295 3455 463 3508 commodum
481 3456 615 3512 inuolare
634 3475 699 3527 epo:
719 3455 909 3511 commodare
923 3455 960 3500 x
