2294 3780
101 173 168 238 120
392 175 440 226 1v.
467 171 625 224 uuuaun
644 170 780 223 ORATIO

165 321 207 388 V.
252 322 303 386 Ex
330 342 392 404 quo
426 319 633 385 manifestum
661 323 711 384 est
739 340 792 384 eoa
827 320 881 404 qui
911 320 1073 403 coloniam

101 408 198 473 istam
219 409 270 504 tot
290 405 454 488 tantisque
476 404 590 488 opibus
609 405 710 469 totius
731 403 856 501 imperii
878 404 1003 502 erigere
1023 409 1072 470 at-

93 488 861 669 ¹aaz1oidilualdum?arura
862 488 1073 656 dotati

78 658 318 741 afraquentiam
339 657 585 723 honestissimae
612 657 787 720 iuuentutis
814 656 975 721 illustrato
1005 660 1073 722 stu-

102 743 228 809 diorum
250 741 372 807 honore
393 742 601 826 prociderint.
649 742 699 805 cui
725 741 811 804 enim
839 762 990 824 umquam
1016 761 1073 805 ue-

104 830 209 891 terum
229 826 413 910 principum
434 829 545 891 tantae
566 826 630 890 fnit
653 846 746 890 curae
773 827 809 888 ut
831 825 999 889 doctrinae
1019 829 1073 890 at-

104 908 1075 1078 bladoltbbssilttill{littoraliulti

66 1099 92 1138 ιο
105 1099 175 1162 ego,
198 1079 282 1162 quod
304 1078 345 1142 ad
365 1082 476 1143 uotum
497 1079 711 1162 pietatemque
722 1078 876 1162 pertinet,
898 1078 1074 1143 liberorum

104 1166 290 1227 nostrorum
312 1166 461 1247 parentes
482 1162 644 1246 appellare
666 1183 733 1225 non
756 1162 883 1226 dubito:
906 1162 960 1245 qui
981 1162 1074 1226 nobi·

104 1246 258 1311 lissimam
282 1248 380 1312 istam
406 1247 548 1312 indolem
575 1245 753 1311 Galliarum
782 1267 910 1309 suarum
937 1246 1074 1310 interitu

104 1332 220 1396 summi
249 1331 387 1397 doctoris
420 1333 564 1396 orbatam
593 1331 751 1414 respicere
780 1329 906 1414 dignati
933 1351 989 1393 suo
1016 1352 1073 1414 po-

104 1416 262 1480 tissimum
294 1416 412 1481 iudicio
439 1417 681 1500 praeceptorem
714 1414 743 1478 ei
774 1414 1074 1498 moderatoremque

66 1516 92 1558 15
104 1500 287 1564 tribuerunt
314 1503 346 1564 et
372 1500 458 1564 inter
485 1499 556 1563 illas
585 1499 806 1581 imperatorias
836 1498 1073 1584 dispositiones,

104 1583 201 1666 longe
228 1583 401 1647 maioribus
429 1604 571 1647 summae
598 1583 816 1665 reipublicae
842 1583 1075 1667 gubernandae

126 1667 341 1731 rouisionibus
376 1667 537 1749 occupati,
573 1666 751 1730 litterarum
779 1687 903 1750 quoque
931 1666 1074 1731 habuere

104 1688 257 1815 dilectum
284 1771 388 1834 neque
415 1750 509 1815 aliter
536 1772 631 1834 quam
658 1751 687 1814 ei
712 1751 851 1834 equestri
873 1754 996 1815 turmae
1018 1751 1073 1816 uel

106 1833 230 1898 cohorti
252 1835 432 1916 praetoriae
455 1834 683 1899 consulendum
704 1835 805 1918 foret,
829 1856 923 1918 quem
944 1834 1074 1918 potissi-

66 1935 91 1976 ao
105 1937 192 1980 mum
214 1918 436 2001 praeficerent,
465 1920 514 1982 sui
536 1919 659 1982 arbitrii
682 1939 751 1983 esse
774 1919 944 1998 duxerunt,
974 1941 1016 1983 ne
1037 1919 1073 1983 hi

105 2021 183 2083 quos
207 2001 247 2064 ad
269 2023 358 2085 spem
381 2002 525 2066 omnium
539 2002 749 2067 tribunalium
772 2007 828 2067 aut
848 2002 1010 2067 interdum
1032 2003 1075 2067 ad

105 2084 148 2150 eti
171 2084 267 2149 endia
290 2086 510 2170 cognitionum
530 2109 692 2151 sacrarum
714 2091 770 2152 aut
783 2087 919 2152 fortasse
941 2087 982 2150 ad
1001 2087 1075 2170 ipsa

104 2107 217 2252 palatii
245 2171 430 2256 magisteria
456 2171 591 2254 prouehi
618 2174 793 2255 oporteret,
831 2171 932 2236 ueluti
958 2192 1073 2254 rapen-

105 2253 174 2318 tino
195 2255 307 2319 nubilo
336 2257 370 2319 in
392 2255 505 2320 mediis
533 2255 768 2320 adulescentiae
789 2255 939 2320 fluctibus
961 2255 1072 2338 depre-

68 2339 212 2420 ahensi,
235 2340 357 2404 incerta
380 2340 508 2404 dicendi
529 2340 623 2437 signa
645 2343 860 2436 sequerentur.
908 2423 914 2436 .
942 2421 963 2484 ‘l
1063 2423 1070 2436 ι

103 2421 959 2603 malatssiffbdlalbuidendi,
984 2422 1073 2570 llll

128 2589 1090 2739 bilailtddzallillfbbabbutio'

66 2772 93 2813 ao
106 2754 217 2818 mirari
249 2755 327 2819 satis
362 2777 501 2839 nequeo,
536 2757 591 2839 qui
617 2695 780 2822 honoreuil
800 2695 982 2823 litteraria
1009 2758 1073 2823 hac

106 2859 230 2923 quoque
251 2839 438 2924 dignatione
462 2841 639 2905 cumulauit
660 2844 696 2905 ut
717 2863 768 2906 me
782 2841 848 2907 filio
870 2842 976 2926 potius
999 2863 1073 2906 meo

104 3026 307 3037 ---—--.-.-.

174 3144 189 3193 ⁷
207 3142 333 3194 doctrina
349 3144 373 3192 A
382 3146 415 3194 W
431 3142 442 3210 ΙΙ
459 3148 475 3196 9
492 3141 534 3212 et]
554 3150 638 3212 atque
654 3147 671 3195 0
687 3143 699 3211 ll
717 3149 748 3198 la
766 3147 895 3198 interitus
906 3148 929 3196 A
940 3148 960 3196 Ι
975 3148 995 3196 V
1011 3145 1022 3212 {l
1040 3150 1074 3198 16

103 3208 185 3273 longe
203 3212 354 3262 maioribus
371 3212 395 3260 A
407 3213 439 3261 W
450 3212 540 3264 Bora:
556 3230 603 3265 orn.
621 3214 641 3262 B
659 3215 711 3265 Η
725 3212 729 3280 Ι
745 3229 847 3265 summe
865 3229 903 3264 v:
921 3230 1028 3265 numme
1045 3216 1074 3265 Ι

103 3273 185 3409 la
197 3275 248 3395 u
654 3279 1073 3398 ²¹¹¹

104 3412 223 3464 alentini
237 3360 273 3462 ld
289 3412 365 3465 Bert.
391 3345 405 3478 l
422 3430 487 3467 uere
505 3354 693 3470 qnqtaqeqm.
703 3353 866 3469 omlnlndmvl
887 3414 898 3482 11
922 3418 955 3468 28
974 3364 1072 3469 iunii]

104 3480 174 3531 tutis
190 3480 211 3528 B
229 3481 263 3529 V:
283 3482 404 3534 uiuentis
420 3483 444 3531 A
461 3483 479 3532 0
496 3482 529 3532 W
