2294 3780
108 158 149 222 80
428 156 450 210 1.
487 154 516 207 u.
534 153 650 204 Pmnn
668 154 748 203 Pau.

105 310 234 372 tantum
261 304 434 387 amicitiae,
463 303 559 367 inane
588 302 710 367 scilicet
737 303 943 385 irrisumque,
972 321 1076 365 rema·

106 392 212 456 nebat.
242 413 319 454 nam
341 389 396 471 qui
417 390 544 470 poterat
564 408 632 450 esse
652 386 739 450 inter
755 407 807 450 eos
823 385 975 469 amicitia,
998 405 1074 468 quo-

107 499 178 541 rum
201 475 262 539 sibi
285 473 406 536 domini
429 472 494 556 alii,
518 471 572 534 alii
588 470 672 534 serui
692 469 903 535 uidebantur?>
933 473 968 534 tu
988 469 1074 534 hanc

107 561 233 645 pulsam
261 561 293 622 et
321 559 480 621 errantem
507 555 677 619 reduxisti:
704 555 804 619 habes
834 555 969 636 amicos,
999 556 1075 638 quia

79 644 228 707 eamicus
255 643 324 724 ipse
351 662 395 705 es.
437 661 540 724 neque
570 639 655 703 enim
687 642 724 702 ut
756 639 820 702 alia
848 639 999 703 subiectis
1027 639 1075 703 ita

105 748 195 791 amor
221 727 411 810 imperatur,
440 745 543 808 neque
572 727 622 787 est
650 722 733 786 ullus
763 723 894 787 affectus
918 726 986 786 tam
1008 744 1075 787 ere-

108 816 179 876 ctus
194 816 227 874 et
242 810 323 874 liber
337 814 370 874 et
391 809 617 874 dominationis
632 807 805 890 impatiens
820 829 879 872 nec
895 808 951 891 qui
970 809 1076 892 magis

106 897 193 959 uices
209 896 258 958 exi
283 898 325 959 at.
355 897 462 977 potest
475 894 626 976 princeps
646 893 782 955 fortasse
803 891 920 975 inique,
945 893 1074 976 [potest]

107 983 215 1043 tamen
238 917 310 1042 odio
334 998 489 1043 essenon
509 977 616 1056 nullis,
640 976 765 1040 etiamsi
790 976 859 1058 ipse
874 997 942 1040 non
958 976 1074 1039 oderit:

69 1087 95 1126 ro
109 1065 218 1146 amari,
241 1063 305 1126 nisi
324 1063 393 1144 ipse
413 1064 507 1142 amet,
529 1081 595 1124 non
614 1063 730 1144 potest.
762 1059 871 1144 diligis
893 1081 979 1144 ergo,
1003 1082 1076 1123 cum

110 1148 263 1233 diligaris,
287 1152 319 1211 et
340 1147 373 1210 in
398 1167 435 1209 eo
459 1144 544 1229 quod
565 1145 725 1228 utrimque
744 1143 1004 1208 honestissimum
1027 1148 1077 1209 est

108 1235 178 1296 tota
200 1232 303 1316 gloria
325 1233 380 1294 tua
402 1232 464 1314 est3
489 1230 543 1313 qui
563 1229 707 1312 superior
725 1229 830 1292 factus
852 1228 1019 1293 descendis
1040 1229 1075 1292 in

109 1317 216 1381 omnia
243 1314 470 1380 familiaritatis
500 1313 606 1377 officia
633 1317 666 1376 et
693 1314 727 1376 in
757 1313 895 1376 amicum
917 1334 956 1376 ex
977 1313 1076 1396 impe-

108 1403 215 1464 ratore
238 1399 434 1464 submitteris
444 1409 454 1483 3'
474 1400 571 1462 immo
586 1401 664 1461 tunc
686 1398 823 1461 maxime
839 1399 1075 1480 imperatorem,

71 1507 96 1546 15
110 1506 183 1549 cum
210 1485 348 1548 amicum
375 1483 454 1566 agie.
490 1483 609 1546 etenim
645 1503 716 1545 cum
749 1481 895 1563 plurimis
929 1481 1077 1545 amicitiis

109 1569 240 1641 fortuna
253 1568 434 1649 principum
448 1565 603 1648 indigeat,
626 1566 832 1649 praecipuum
853 1569 901 1629 est
921 1565 1077 1649 principis

110 1672 189 1734 opus
211 1652 329 1714 amicos
350 1669 475 1732 parare.
509 1650 633 1732 placeat
652 1650 713 1713 tibi
733 1670 859 1732 semper
879 1649 958 1715 haec
981 1654 1076 1734 secta,

111 1745 143 1798 et
165 1757 236 1798 cum
258 1734 398 1818 reliquas
428 1733 563 1797 uirtutes
591 1736 664 1796 tuas
686 1737 756 1797 tum
778 1732 861 1796 hane
885 1735 1077 1799 constantis·

110 1819 189 1882 sime
211 1820 331 1901 teneas,
358 1838 419 1881 nec
440 1838 592 1901 umquam
618 1816 679 1880 tibi
706 1819 936 1900 persuadeatur
957 1817 1078 1882 humile

72 1923 179 1966 coesse
199 1902 337 1984 principi
357 1900 421 1965 nisi
444 1901 557 1965 odisse.
591 1900 854 1965 iucundissimum
871 1906 919 1966 est
933 1902 968 1966 in
982 1903 1077 1967 rebus

110 1986 259 2050 humanis
281 1987 391 2066 amari,
415 1985 551 2049 sednon
566 1986 671 2050 minus
687 2006 803 2054 amare.
832 2007 966 2069 quorum
989 1990 1093 2051 utro--

111 2093 171 2154 que
199 2071 245 2134 ita
273 2069 387 2134 frueris
416 2074 467 2153 ut,
506 2090 577 2133 oum
604 2069 673 2153 ipse
700 2069 921 2135 ardentissime
950 2071 1078 2154 diligas,

111 2155 215 2219 adhuc
236 2160 346 2218 tamen
368 2155 530 2218 ardentius
553 2153 712 2238 diligaris:
745 2155 884 2238 primum
905 2155 980 2239 quia
1001 2157 1079 2219 faci·

110 2240 172 2304 lius
208 2244 257 2303 est
285 2261 384 2303 unum
419 2260 526 2303 amare
560 2259 656 2323 quam
683 2241 815 2324 multos,
856 2239 970 2304 deinde
1003 2241 1079 2323 quia

72 2344 98 2384 as
111 2325 171 2388 tibi
199 2324 320 2388 amicos
347 2331 420 2388 tuos
448 2323 614 2408 obligandi
643 2323 734 2388 adest
758 2325 896 2387 facultas
923 2327 1015 2386 tanta
1042 2328 1079 2387 ut

111 2430 206 2472 nemo
228 2413 260 2470 te
282 2409 385 2490 possit
406 2409 469 2473 nisi
491 2409 636 2491 ingratus
659 2430 725 2472 non
747 2409 850 2492 magis
873 2429 991 2471 amare.

167 2490 343 2554 LXXXVI.
367 2491 490 2575 Operae
516 2493 654 2572 pretium
683 2494 731 2555 est
757 2492 876 2555 referre
903 2490 986 2574 quod
1013 2495 1077 2554 tor-

111 2576 254 2637 mentum
291 2574 353 2637 tibi
385 2575 560 2638 iniunxeris
598 2596 639 2637 ne
673 2574 748 2657 quid
788 2576 891 2640 amico
928 2595 1077 2660 negares.

68 2718 70 2722 ,
112 2656 261 2721 dimisisti
283 2658 439 2739 optimum
460 2659 565 2720 uirum
591 2657 713 2742 tibique
736 2660 935 2724 carissimum
957 2660 1078 2723 inuitus

74 2763 99 2803 ao
113 2745 145 2805 et
165 2741 265 2804 tristis
289 2744 321 2804 et
343 2742 433 2824 quasi
455 2742 593 2805 retinere
616 2762 683 2805 non
704 2763 831 2827 posses,
858 2748 1079 2827 quantumque

180 2933 195 2981 3
214 2929 284 2983 dom.
304 2928 353 2979 alii
371 2931 417 2978 W:
435 2930 485 2980 alii
503 2930 572 2985 dom,
590 2931 611 2979 B
629 2932 647 2978 0
665 2931 687 2977 V
702 2929 712 2994 ΙΙ
733 2931 749 2979 6
766 2931 839 2982 ullus
861 2932 932 2982 alius
950 2932 1080 2982 adfectus

114 2998 142 3047 G.
150 2998 184 3046 H.
192 2996 349 3060 Setaeserus
361 2993 371 3060 ΙΙ
384 2999 400 3048 8
410 2997 528 3049 fortasse
540 2999 666 3062 princeps
675 2999 711 3058 n,
724 3000 960 3063 transportatum
971 2997 975 3066 Ι
986 3005 1080 3065 potest

112 3068 218 3114 alterum
234 3066 327 3114 secturi
338 3061 348 3128 ΙΙ
362 3066 392 3112 11
405 3070 541 3130 utrunque
553 3068 586 3114 W
598 3062 608 3129 ΙΙ
623 3067 653 3114 12
672 3067 738 3128 quia
750 3079 774 3113 w
789 3067 794 3130 Ι
810 3066 901 3116 factus
914 3080 944 3132 ςε
962 3066 1035 3117 facis
1047 3069 1080 3115 W

112 3132 181 3181 fatis
197 3133 217 3180 B
236 3135 254 3180 c
271 3133 293 3179 V
327 3129 337 3195 ΙΙ
373 3133 405 3180 14
427 3132 616 3196 imperatorem
634 3133 749 3184 Keilius:
771 3134 921 3197 imperator
945 3135 973 3182 it
995 3135 1081 3198 impc-

113 3203 192 3248 rator
204 3215 233 3248 es
244 3200 377 3249 Liuineius
400 3196 411 3263 ΙΙ
433 3201 464 3249 17
482 3201 586 3251 amicos
604 3227 637 3236 -
654 3203 695 3259 81,
713 3202 747 3250 26
769 3206 797 3251 et
813 3201 861 3250 ille
878 3202 989 3265 quidem
1005 3202 1081 3251 tutet

112 3264 304 3331 BlparereR
328 3264 338 3330 ΙΙ
363 3267 394 3314 18
411 3267 535 3331 reliquas
552 3270 587 3317 a:
608 3268 678 3320 alias
695 3270 722 3317 1
741 3265 745 3331 l
766 3269 866 3317 tuucB
889 3267 900 3332 ΙΙ
925 3270 957 3319 19
976 3269 1027 3319 tibi
1044 3270 1079 3316 B:

113 3350 161 3384 om.
183 3336 211 3380 ii
234 3332 244 3399 ΙΙ
267 3335 301 3384 20
318 3332 450 3399 principis
467 3336 490 3383 n
513 3333 523 3400 ιΙ
547 3338 580 3387 23
600 3337 740 3385 ardentius
757 3351 805 3389 ora.
824 3332 874 3400 W!
891 3334 1024 3401 diligeres
1037 3335 1079 3401 Bit

113 3405 147 3452 25
174 3407 253 3451 tanta
277 3400 399 3451 facultas
421 3402 495 3452 inest
511 3405 535 3452 B
559 3401 569 3469 ss
592 3405 625 3453 26
647 3404 737 3467 possit
755 3403 819 3453 teu
843 3400 853 3467 ΙΙ
881 3404 914 3452 28
938 3397 1002 3469 tibi]
1027 3405 1082 3453 sibi

112 3469 137 3519 B
159 3467 169 3534 ΙΙ
193 3471 225 3520 29
243 3471 413 3520 rarissimum
430 3471 454 3518 B
477 3467 487 3535 ll
508 3473 542 3522 30
559 3478 746 3536 quantumque
764 3472 799 3520 a:
819 3476 951 3534 quantum
969 3472 996 3518 Ι
