2294 3780
383 132 546 185 TRAIANO
564 135 598 187 n.
624 136 733 186 ‘re-31.
1000 134 1041 198 27

69 280 195 364 pariter
221 281 346 344 intenta
374 281 502 346 bonitas
537 285 570 346 et
597 284 741 346 accincta
773 287 808 347 ut
838 285 959 348 tristius
986 285 1041 349 ali·

70 363 150 448 quid
184 364 312 428 saeculo
346 368 401 429 tuo
429 367 533 448 passis
566 367 606 429 ad
635 367 810 431 remedium
844 369 1041 452 salutemque

70 448 215 511 sufficiat
236 453 273 512 ut
295 449 387 512 scias.

137 531 257 599 XXXI.
288 532 443 597 Omnibus
464 534 611 618 equidem
655 536 782 599 entibus
798 536 919 600 fertiles
940 557 1041 600 annos

69 619 244 701 gratesque
265 620 366 680 terras
386 639 515 699 precor:
539 557 727 683 crediderim
748 623 856 683 tamen
879 641 937 704 per
955 620 1066 685 hunos

70 701 216 784 Aegypti
238 704 357 764 statum
372 705 443 765 tuas
458 701 621 766 fortunam
640 704 723 767 uires
740 705 876 787 experiri
891 709 1041 788 tuamque

71 785 277 867 uigilantiam
300 789 445 868 spectare
468 786 616 851 uoluisse.
647 809 724 850 nam
747 809 819 851 oum
842 790 950 852 omnia
972 789 1042 852 ubi·

70 890 134 952 que
168 869 308 932 secunda
340 871 491 933 merearis
497 917 506 947 ,
540 892 647 934 nonne
676 872 883 936 manifestum
912 876 976 955 est,
1013 873 1041 936 si

69 953 148 1037 quid
171 952 297 1016 aduersi
319 955 431 1038 eadat,
462 955 525 1017 tuis
547 954 694 1019 laudibus
721 956 846 1039 tuisque
868 956 1040 1020 uirtutibus

69 1038 238 1101 materiam
262 1059 472 1121 campumque
494 1040 688 1123 praesterni,
716 1062 788 1105 eum
811 1040 949 1104 secunda
970 1040 1039 1104 feli·
1055 1063 1079 1101 ro

71 1143 141 1203 ees,
178 1121 312 1186 aduersa
338 1144 475 1206 magnos
503 1123 662 1205 probent?
706 1125 930 1208 percrebuerat
958 1125 1041 1188 anti-

69 1207 179 1290 quitus
207 1207 319 1271 urbem
347 1210 492 1270 nostram
518 1207 581 1270 nisi
610 1208 723 1290 opibus
751 1210 892 1291 Aegypti
919 1209 962 1271 ali
990 1230 1040 1272 su-

70 1291 270 1373 stenterique
283 1312 350 1354 non
361 1313 463 1374 posse.
487 1291 692 1374 superbiebat
707 1296 839 1354 uentosa
856 1296 888 1354 et
899 1292 1040 1354 insolens

69 1374 160 1437 natio
178 1374 262 1458 quod
284 1375 439 1439 uictorem
458 1376 585 1458 quidem
602 1375 752 1458 populum
771 1378 917 1457 pasceret
931 1378 1041 1438 tamen

70 1458 218 1542 quodque
245 1459 279 1522 in
309 1480 366 1522 suo
389 1460 534 1541 flumine,
563 1459 597 1521 in
621 1460 686 1522 suis
708 1459 844 1522 nauibus
866 1458 918 1523 uel
940 1459 1038 1522 abun·
1053 1479 1078 1520 15

71 1543 183 1606 dantia
204 1546 315 1607 nostra
339 1544 391 1606 uel
412 1544 513 1608 fames
536 1547 628 1607 esset.
673 1543 848 1607 refudimus
869 1543 945 1607 Nilo
967 1564 1039 1608 suas

71 1627 196 1710 copias:
218 1630 342 1711 recepit
362 1628 524 1691 frumenta
546 1649 626 1711 quae
649 1629 779 1691 miserat
797 1629 1040 1711 deportatusque

70 1733 191 1775 messes
223 1713 357 1776 reuexit.
408 1712 511 1776 discut
543 1712 642 1796 igitur
669 1713 838 1796 Aegyptus
871 1710 1040 1793 credatque

71 1796 291 1878 experimento
314 1817 379 1860 non
396 1796 549 1860 alimenta
571 1819 605 1860 se
622 1798 715 1861 nobis
738 1796 792 1860 sed
808 1796 930 1860 tributa
950 1816 1041 1878 prae·

70 1883 173 1943 stare:
198 1881 278 1943 sciat
298 1903 332 1944 se
353 1902 421 1944 non
444 1902 513 1944 esse
551 1882 646 1964 opulo
661 1880 805 1945 Romano
827 1881 1039 1944 necessariam
1053 1901 1079 1938 so

71 1967 105 2026 et
131 1967 239 2027 tamen
268 1965 397 2028 seruiat.
441 1968 516 2046 post
560 1987 631 2044 aec,
658 1965 685 2028 si
708 1965 809 2046 uolet,
837 1963 932 2028 Nilus
955 1966 1041 2026 amet

69 2048 200 2111 alueum
223 2070 315 2112 suum
344 2051 377 2112 et
398 2047 539 2112 fluminis
566 2049 694 2112 modum
716 2057 838 2112 seruet:
875 2047 956 2111 nihil
978 2047 1040 2110 hoe

70 2131 112 2195 ad
134 2133 246 2196 urbem
269 2155 308 2197 ao
329 2154 371 2196 ne
393 2132 434 2195 ad
452 2132 636 2216 Aegyptum
658 2133 797 2215 quidem,
821 2133 885 2194 nisi
907 2134 944 2193 ut
965 2129 1040 2193 inde
1117 2152 1120 2157 ·

70 2216 206 2299 nauigia
227 2217 338 2280 inania
361 2219 393 2279 et
411 2236 513 2279 uacua
536 2219 569 2279 et
585 2216 701 2279 similia
723 2214 940 2294 redeuntibus,
962 2212 1039 2275 hinc

70 2300 169 2382 plena
196 2304 228 2363 et
255 2304 371 2364 onusta
405 2303 438 2363 et
462 2299 568 2382 qualia
596 2299 699 2361 solent
731 2299 843 2361 uenire
871 2297 1078 2359 mittanturss

72 2405 290 2467 conuersoque
318 2405 449 2447 munere
472 2383 569 2446 maris
598 2381 673 2445 hino
694 2381 800 2463 potius
826 2380 915 2444 uenti
937 2380 1040 2443 feren-

70 2473 121 2530 tes
144 2470 176 2530 et
197 2469 304 2531 breuis
326 2490 436 2532 cursus
461 2469 622 2550 optentur.
657 2466 781 2547 mirum,
805 2464 931 2546 Caesar,
954 2463 1040 2527 uide·

71 2556 169 2634 retur,
193 2553 219 2615 si
235 2553 375 2617 desidem
390 2553 575 2635 Aegyptum
595 2552 770 2614 cessantem
793 2571 832 2614 ue
847 2548 959 2613 Nilum
974 2569 1040 2612 non

71 2636 227 2700 sensisset
252 2637 340 2701 urbis
368 2657 510 2720 annona,
545 2657 625 2718 quae
647 2635 710 2698 tuis
732 2636 784 2718 opi
810 2657 861 2712 us,
887 2637 943 2696 tua
965 2654 1039 2696 cura

72 2741 172 2804 usque
198 2721 275 2784 illue
303 2721 493 2785 redundauit
524 2723 561 2782 ut
590 2719 684 2783 simul
711 2720 900 2802 probaretur
927 2720 960 2779 et
981 2737 1039 2779 nos
1053 2735 1078 2774 eo

70 2808 224 2887 Aegypto
240 2826 333 2886 posse
356 2809 388 2868 et
406 2805 499 2867 nobis
514 2804 700 2887 Aegyptum
722 2824 829 2866 carere
851 2821 918 2864 non
933 2821 1038 2882 posse.

70 2892 180 2951 actum
203 2892 272 2951 erat
294 2889 332 2952 de
354 2887 583 2952 fecundissima
605 2890 711 2971 gente,
735 2887 762 2949 si
784 2887 885 2950 libera
906 2884 1039 2947 fuisset:

71 2973 215 3055 pudebat
236 2972 414 3036 sterilitatis
435 2971 599 3052 insolitae,
623 2993 683 3034 nec
705 2971 811 3033 minus
833 2967 1041 3033 erubescebat

70 3058 159 3119 tame
187 3078 283 3139 quarn
310 3057 533 3139 torquebatur,
567 3077 639 3118 eum
662 3056 782 3138 pariter
808 3076 826 3117 a
848 3057 880 3116 te
902 3053 1040 3117 necessi-

141 3248 156 3294 7
181 3251 306 3309 spectare
326 3259 355 3308 ςε
380 3250 523 3308 expectare
541 3244 567 3290 Μ
589 3241 599 3306 ΙΙ
621 3245 636 3293 8
659 3241 777 3291 secunda
799 3241 898 3305 ubique
916 3239 949 3286 W
971 3237 981 3302 ll
1006 3241 1035 3286 10

70 3314 225 3378 praesterni
242 3314 361 3373 Lipsius:
379 3311 515 3376 prosterni
532 3311 558 3357 Μ
571 3308 581 3375 ΙΙ
596 3311 626 3359 15
644 3310 760 3359 nauibus
779 3322 816 3356 w:
835 3307 959 3356 manibus
977 3306 1004 3351 Π
1025 3302 1037 3368 Η

72 3383 105 3430 16
124 3386 219 3430 uestra
235 3381 255 3428 B
270 3375 314 3443 Vll
327 3382 357 3428 21
381 3379 456 3428 nolet
472 3379 505 3426 W
518 3375 528 3443 ss
541 3381 572 3427 31
591 3378 671 3427 uobis
688 3377 710 3423 V
727 3374 736 3440 {l
754 3378 786 3426 32
806 3373 1002 3423 facundissima

73 3446 134 3499 l34
153 3463 234 3511 qnam
250 3449 270 3495 B
288 3449 324 3497 V:
344 3462 399 3511 qua
417 3448 433 3493 c
451 3446 491 3496 W.
