2294 3780
116 155 180 219 284
439 155 500 205 x11.
530 151 762 206 enormem.

118 306 290 371 conuiuiis:
327 326 434 369 nonne
462 302 671 387 cognouimus
699 302 862 366 cuiusdam
887 305 973 366 retro
996 301 1084 384 prin·

116 385 1084 556 lidzttmttltrttistdstittdssllttt

116 560 224 623 risse?
260 562 350 639 tuae,
372 557 561 639 imperator,
584 555 696 638 epulae
718 555 838 618 mensis
861 555 1085 619 communibus

91 662 104 702 s
140 645 276 708 arciores
291 642 433 705 locorum
453 662 491 704 ac
506 643 572 704 tem
595 661 684 702 orum
699 638 856 704 fructibus
870 639 1085 704 instruuntur.

117 667 194 791 linc
217 726 363 790 certatim
384 725 419 788 in
441 746 552 788 omnes
572 662 718 787 luxuriae
734 723 847 807 pudor,
869 724 1086 807 parsimoniae

119 810 223 875 cultus
251 808 384 873 inoleuit
412 812 445 872 et
466 808 701 893 quiescentibus
726 808 833 892 legum
862 808 970 872 minis
986 808 1087 872 subiit

118 915 275 979 quemque
297 893 449 976 priuatim
471 893 520 957 sui
542 892 749 976 poenitentia.
780 893 827 956 sic
848 896 898 956 est
921 892 1016 976 enim,
1040 893 1086 956 sio

119 984 182 1042 est:
216 981 385 1061 exasperat
405 978 550 1041 homines
572 977 729 1059 imperata
751 977 920 1058 correctio,
943 976 1086 1040 blandis-

80 1082 105 1120 10
119 1064 197 1126 sime
219 1063 346 1126 iubetur
372 1063 525 1145 exemplo

181 1147 252 1212 XV.
299 1146 359 1211 Sed
389 1168 460 1210 cum
482 1146 560 1210 haec
588 1148 621 1209 et
648 1144 796 1208 adhunc
823 1145 953 1208 modurn
982 1147 1088 1208 cetera

119 1254 222 1296 mores
250 1231 417 1295 hominum
452 1234 485 1294 et
512 1230 660 1293 instituta
687 1228 872 1311 formarint,
908 1232 977 1292 tum
1005 1227 1088 1292 nihil

119 1316 304 1381 abdicandis
326 1315 414 1378 uitiis
440 1313 693 1398 adoptandisque
718 1314 889 1377 uirtutibus
911 1313 1088 1397 impensius

120 1401 222 1465 sentio
244 1400 403 1483 profuisse
431 1420 527 1482 quam
549 1397 632 1481 quod
653 1396 705 1460 his
727 1402 760 1460 te
781 1398 859 1461 uiris
887 1418 1014 1481 semper
1035 1397 1088 1460 de·

82 1501 106 1542 11
120 1484 195 1547 disti
217 1506 296 1567 quos
325 1485 474 1548 affectare
495 1483 624 1566 publica
653 1481 782 1544 deberet
803 1481 941 1544 imitatio
970 1481 1089 1564 quique

119 1590 213 1651 quam
240 1568 352 1632 faciles
379 1568 439 1630 tibi
466 1567 603 1630 fuissent
636 1563 808 1652 [sequaces]
844 1564 992 1647 discipuli
1020 1568 1089 1628 tam

120 1654 233 1716 ceteris
257 1652 425 1735 expetendi
454 1655 562 1714 essent
583 1651 739 1733 magistri.
784 1653 821 1713 ut
843 1650 881 1713 de
903 1649 953 1712 his
976 1648 1090 1712 sileam

120 1758 198 1818 quos
220 1737 280 1798 tibi
308 1736 430 1817 primus
456 1735 511 1797 ille
537 1735 699 1798 nascentis
727 1734 853 1817 imperii
875 1734 942 1797 dies
971 1733 1090 1797 obtulit

120 1820 221 1880 tantis
243 1819 415 1881 uirtutibus
432 1819 595 1900 praeditos
618 1821 740 1881 utnon
763 1840 821 1901 pro
845 1819 936 1901 copia
957 1818 1089 1901 sumpti,

83 1922 109 1961 ao
122 1901 178 1965 sed
201 1922 238 1963 ex
262 1901 353 1983 copia
375 1901 560 1964 uiderentur
581 1902 701 1984 optati:
724 1924 803 1985 quos
824 1905 860 1966 tu
881 1904 992 1985 postea
1012 1922 1089 1986 qua·

121 1987 229 2068 lesque
246 1984 353 2070 legisti
374 1986 488 2068 quibus
504 1985 740 2069 prouinciarum
762 1985 949 2064 custodiam,
973 1986 1089 2069 quibus

82 2128 85 2133 .
120 2070 269 2134 militaris
302 2071 348 2134 rei
377 2091 548 2152 summam,
584 2070 698 2153 quibus
727 2071 934 2135 consiliorum
961 2078 1091 2134 tuorum

121 2177 239 2220 arcana
265 2155 504 2219 committeres?
548 2175 625 2239 ergo
656 2177 728 2219 cum
757 2155 874 2237 duplex
900 2153 1000 2218 fuerit
1027 2155 1090 2219 iste

122 2240 270 2322 dilectus,
301 2261 383 2303 unus
411 2261 449 2303 ex
477 2239 610 2321 iudicio,
644 2239 723 2303 alter
750 2261 790 2302 ex
816 2239 898 2321 fato,
928 2239 1092 2303 incertum

83 2342 108 2382 as
121 2324 269 2389 meliores
295 2324 382 2388 uiros
405 2324 564 2406 sapientia
585 2326 641 2386 tua
669 2345 710 2386 an
730 2322 861 2387 fortuna
883 2324 1089 2407 quaesiuerit,

122 2429 194 2472 cum
211 2409 292 2471 tales
314 2409 366 2472 uel
389 2412 537 2491 acceptos
552 2408 669 2471 habeas
691 2407 744 2471 nel
764 2410 907 2490 repertos
928 2411 966 2470 ut
988 2410 1022 2471 et
1042 2407 1091 2470 illi

122 2492 298 2555 meruerint
319 2493 423 2555 teneri
446 2498 477 2554 et
498 2493 553 2555 isti
576 2492 744 2567 debuerint
767 2492 917 2574 cooptari.

185 2574 274 2638 XVI.
301 2575 420 2658 Ecquis
441 2576 670 2657 imperatorum
693 2595 843 2658 umquam
862 2574 991 2658 putauit
1012 2574 1092 2638 ami·

123 2657 217 2721 citiae
252 2658 371 2720 cultum
405 2659 441 2719 in
467 2659 557 2742 regia
584 2659 677 2722 laude
704 2659 915 2742 ponendum?
958 2658 1091 2722 humilis

83 2742 202 2806 achaeo
236 2743 338 2804 uirtus
367 2741 560 2824 dubiumque
595 2764 635 2805 an
666 2744 768 2806 uirtus
798 2743 998 2806 indicabatur
1031 2763 1091 2806 1111

190 3000 307 3061 211111
327 2998 376 3047 sed
394 2997 499 3047 fercula
516 3000 552 3059 Η,
572 3001 720 3062 transposui
738 2998 743 3060 Ι
763 2998 843 3048 miles
861 2999 922 3046 BV
945 2996 955 3063 ΙΙ
979 3001 995 3047 4
1013 3012 1090 3048 men·

123 3064 234 3112 sibusc
263 3062 273 3128 ΙΙ
302 3067 318 3114 8
341 3066 478 3127 priuatum
496 3077 521 3114 w
551 3062 560 3129 ΙΙ
590 3066 1093 3116 9111111νηίὴίιιίᾱεονηεεοίοοαίιιε

120 3136 215 3194 poetae
241 3132 336 3180 iambos
360 3133 419 3181 tos:
455 3133 590 3182 eorrectio
617 3133 742 3183 homines
767 3134 903 3198 imparata
929 3135 1091 3197 exasperat·

123 3196 304 3246 blandissime
323 3199 432 3246 iubetur
453 3200 577 3263 exemplo
595 3201 641 3264 pio
671 3197 681 3264 ΙΙ
712 3202 744 3250 15
767 3200 882 3250 deberet
900 3199 1011 3265 publiea
1029 3168 1091 3263 Wl

123 3266 224 3330 quique
242 3263 334 3314 Bora:
353 3265 400 3327 qui
416 3268 444 3312 Η
468 3263 478 3330 u
503 3268 534 3316 16
552 3282 687 3332 sequaces
705 3269 755 3318 del.
775 3267 915 3317 Barthius:
942 3282 1092 3332 sequaces·

124 3345 175 3395 111
195 3332 270 3395 Ousp.
300 3327 310 3395 ΙΙ
340 3334 373 3382 20
395 3347 463 3397 1111
481 3335 555 3384 edd:
583 3339 650 3397 quot
666 3336 693 3382 1
712 3335 786 3384 Berr.
818 3332 828 3399 [Ι
857 3337 890 3384 27
912 3334 985 3384 tueri
1002 3343 1029 3384 er
1047 3348 1091 3384 eo·

123 3401 215 3516 apdtari
232 3400 256 3447 Δ
284 3395 294 3463 ΙΙ
323 3401 565 3516 18Ῐ1ἕ11111111
592 3416 640 3451 111
659 3402 719 3466 quis
736 3403 765 3449 1
793 3400 803 3466 ΙΙ
833 3404 865 3451 29
890 3402 1033 3452 humilium
1050 3402 1093 3464 W,

121 3479 150 3513 se
186 3484 212 3517 m
229 3482 324 3532 mora:
344 3482 360 3515 a
409 3482 498 3518 111111
