2294 3780
268 135 722 190 Tnaon0s1oauousron.
747 139 855 188 ar-aa
981 135 1045 199 297

76 285 187 366 pulsus
215 286 279 365 est,
314 284 407 347 alteri
435 285 581 348 manibus
613 284 785 348 satellitum
814 284 1043 349 Britannorum

76 368 153 452 gula
174 368 261 431 domi
282 368 387 432 fracta
410 372 442 432 et
464 369 571 432 inusta
589 369 745 433 femineae
767 369 877 432 mortis
900 369 1043 452 infamia,

76 455 113 515 ut
135 452 258 517 scilicet
280 452 428 517 maluisse
450 454 501 516 uir
523 453 599 517 ferri
622 453 860 517 amantissimus
883 453 1045 517 uideretur

76 536 190 619 laqueo
209 537 314 619 perire
335 558 430 620 quam
446 537 562 621 gladio,
591 538 646 601 sed
668 538 702 601 in
724 538 796 601 illos
815 538 952 601 fortasse
975 560 1044 621 spe·

77 621 173 685 ciales
201 624 367 704 putaretur
392 620 540 686 habuisse
568 621 711 686 odiorum
740 643 850 686 causas
875 627 1070 706 tyrannusa

76 708 211 770 steterat
234 707 320 768 enim
342 709 474 789 uterque
498 707 532 770 in
555 707 623 770 acie
647 706 795 770 Gratiani
818 710 850 770 et
872 707 1044 771 Gratianus

76 794 247 872 utrumque
269 790 434 854 dilexerat.
471 791 607 873 quidde
630 790 680 854 his
703 790 844 855 dicemus
867 792 922 874 qui
944 790 1044 855 hono*

76 895 146 937 rum
173 894 209 937 ac
231 874 414 957 principum
434 875 535 938 nescii
562 880 595 939 et
616 878 742 938 tantum
765 877 849 939 inter
871 897 944 939 suos
967 875 1044 939 clari

76 958 201 1022 nobiles
224 959 348 1022 animas
370 958 430 1022 sub
453 959 600 1023 carnifice
621 958 799 1022 fuderunt?

140 1041 259 1106 XXIX.
305 1041 354 1106 De
382 1043 524 1106 uirorum
551 1044 705 1107 mortibus
735 1043 861 1125 loquor,
890 1064 962 1107 cum
990 1045 1043 1107 do·
1059 1065 1084 1105 ro

76 1147 224 1190 scensum
257 1127 403 1191 recorder
436 1127 475 1190 ad
504 1129 693 1212 sanguinem
721 1126 912 1191 feminarum
945 1130 977 1191 et
1009 1128 1044 1190 iu

10 1232 15 1245 ·
76 1232 187 1275 sexum
210 1212 259 1274 cui
282 1210 367 1275 bella
389 1216 525 1294 parcunt
546 1234 624 1295 pace
647 1211 826 1276 saeuitum?
871 1210 926 1274 sed
948 1211 1043 1273 nimi-

76 1317 147 1358 rum
176 1316 291 1379 graues
320 1295 472 1359 suberant
493 1297 733 1379 inuidiosaeque
761 1317 873 1360 causae
901 1303 937 1357 ut
960 1316 1043 1358 unco

76 1379 116 1442 ad
131 1400 268 1462 poenam
291 1379 368 1443 clari
384 1380 468 1443 uatis
489 1384 635 1444 matrona
649 1384 823 1463 raperetur.
847 1379 1044 1442 obiciebatur

76 1463 162 1526 enim
191 1467 287 1546 atque
316 1465 411 1527 etiarn
434 1465 629 1547 probabatur
656 1465 781 1528 mulieri
804 1464 918 1527 uiduae
944 1463 1044 1527 nimia
1057 1481 1082 1522 rs

75 1547 190 1631 religio
214 1550 245 1610 et
260 1548 446 1632 diligentius
470 1550 555 1613 culta
572 1549 732 1612 diuinitas,
762 1548 919 1632 quidhoc
943 1547 1043 1610 maius

98 1635 202 1695 oterat
234 1632 399 1696 intendere
436 1636 603 1696 accusator
636 1632 807 1696 sacerdos?
851 1632 913 1695 fuit
946 1631 1042 1712 enim,

75 1655 139 1779 iirit
161 1719 193 1779 et
207 1717 268 1780 hoc
284 1717 461 1780 delatorum
476 1738 579 1800 genus
602 1718 656 1800 qui
672 1716 855 1780 nominibus
871 1716 1043 1798 antistites

76 1821 110 1864 re
133 1821 210 1863 uera
237 1804 344 1864 autem
366 1801 520 1865 satellites
548 1806 643 1885 atque
666 1801 745 1865 adeo
768 1801 947 1883 carnifices,
977 1822 1044 1864 non

76 1886 220 1949 contenti
242 1885 374 1970 miseros
403 1886 498 1949 auitis
521 1886 676 1951 euoluisso
698 1886 899 1970 patrimoniis
928 1885 1043 1948 calum·
1056 1904 1083 1943 so

75 1969 248 2032 niabantur
270 1969 304 2032 in
327 1972 519 2054 sanguinem
549 1975 581 2034 et
602 1973 685 2034 uitas
708 1971 896 2053 premebant
918 1991 1043 2033 reorum

76 2053 140 2117 iam
163 2074 349 2137 pauperum,
374 2055 450 2137 quin
473 2055 579 2135 etiam,
607 2077 679 2117 cum
701 2054 827 2117 iudiciis
851 2053 1042 2135 capitalibus

77 2137 269 2218 astitissent,
312 2160 384 2202 cum
419 2138 558 2221 gemitus
593 2140 624 2200 et
655 2141 815 2201 tormenta
853 2138 1043 2199 miserorum

76 2222 205 2286 auribus
228 2244 266 2285 ac
281 2222 455 2285 luminibus
470 2220 662 2304 hausissent,
686 2242 757 2284 cum
772 2221 921 2284 lictorum
944 2241 1042 2302 arma,

77 2327 149 2370 cum
172 2306 394 2370 damnatorum
416 2307 508 2370 frena
531 2308 734 2388 tractassent,
756 2304 895 2388 pollutas
913 2304 1082 2385 poenalia

76 2393 227 2455 contactu
254 2413 366 2454 manus
393 2391 431 2454 ad
455 2412 545 2454 sacra
570 2390 754 2454 referebant
781 2391 814 2452 et
836 2389 1043 2451 caerimonias

76 2497 154 2558 quas
183 2476 421 2539 incestauerant
448 2475 607 2539 mentibus
641 2474 737 2538 etiarn
771 2472 956 2556 corporibus
985 2471 1042 2535 im-

74 2559 219 2643 piabant.
263 2560 320 2623 bos
343 2560 397 2622 ille
420 2559 543 2623 Falaris
571 2559 605 2622 in
631 2558 742 2622 amicis
764 2557 920 2640 habebat,
952 2555 987 2620 hi
1008 2558 1043 2620 in

76 2644 175 2708 oculis
199 2644 265 2707 eius
288 2647 384 2727 atque
407 2646 501 2707 etiam
524 2644 558 2707 in
575 2643 691 2707 osculis
714 2645 819 2726 erant;
841 2663 902 2706 neo
917 2641 1042 2724 iniuria,

76 2727 231 2811 aquibus
253 2731 302 2791 tot
324 2728 419 2791 simul
441 2729 551 2792 uotiua
573 2728 762 2792 ueniebant:
786 2749 884 2791 auaro
907 2726 1043 2789 diuitum
1056 2743 1082 2784 ao

75 2812 175 2909 bona,
205 2815 338 2876 cruento
366 2813 585 2877 innocentium
607 2833 724 2896 poena,
755 2812 853 2894 impio
879 2810 1044 2893 religionis

75 2918 202 2960 rmuna.

145 3119 300 3169 'ldiccrnus
319 3133 348 3184 ςι
379 3118 493 3168 dicimus
511 3121 538 3165 Π
567 3115 577 3181 ΙΙ
609 3120 636 3167 ll
658 3115 941 3182 fem.]‚muliarumw
970 3113 980 3180 ll
1012 3117 1043 3163 12

75 3202 145 3251 pace
165 3188 258 3236 Frane.
275 3187 394 3237 Medius:
413 3200 494 3250 parce
513 3183 601 3249 (parte
620 3184 655 3247 Δ)
673 3186 699 3233 Μ
717 3186 791 3235 Bert.
810 3200 864 3233 non
883 3199 966 3248 parce
984 3196 1009 3230 w
1029 3179 1041 3245 1¹3

76 3256 109 3304 14
128 3254 272 3305 clarinatis
290 3255 364 3305 Bere.
389 3251 398 3317 ΙΙ
424 3255 455 3303 15
475 3254 559 3302 etiam
577 3253 793 3317 exprobrabatur
811 3254 871 3303 edd.
902 3249 912 3316 ll
942 3253 974 3300 20
992 3250 1044 3297 mi-

75 3337 150 3372 seros
168 3323 191 3370 Α
209 3322 299 3372 Bert:
321 3339 367 3374 orn.
386 3322 406 3369 B
425 3323 441 3369 c
459 3320 482 3368 V
499 3319 531 3368 W
557 3321 561 3383 Ι
588 3318 735 3383 euoluissc]
754 3320 890 3383 spoliasse
909 3332 933 3366 w
966 3314 976 3380 ΙΙ
1010 3316 1043 3365 25

75 3385 165 3452 frana]
194 3390 289 3439 lunera
317 3390 448 3439 Liuineius
481 3385 491 3451 ΙΙ
525 3390 558 3438 28
580 3387 704 3438 Phalaris
725 3389 745 3436 B
764 3389 781 3434 0
799 3389 833 3434 W
862 3385 872 3450 ΙΙ
901 3388 934 3435 30
961 3383 1043 3433 simul

74 3471 122 3506 om.
144 3459 176 3503 W
