2294 3780
132 145 172 210 78
450 145 473 197 Ι.
509 143 538 194 0.
560 143 674 193 PLINII
695 141 772 192 PAX.

130 317 206 360 uero
228 317 293 359 non
315 294 409 357 modo
432 294 541 356 domus
564 291 619 355 sed
643 290 786 356 cubicula
808 291 879 374 ipsa
900 291 1101 373 intimosque.

131 402 271 445 secessus
299 378 435 442 recludit
463 377 632 460 omniaque
660 397 777 439 arcana
805 373 968 439 noscenda
988 373 1098 437 famae

129 465 280 550 proponit
303 467 397 546 atque
420 461 569 544 explicat.
606 459 661 523 sed
688 460 756 540 tibi,
785 458 912 536 Cacsar,
940 457 1023 522 nihil
1045 480 1095 522 ac-

131 547 360 613 commodatius
380 546 479 609 fuerit
500 545 539 608 ad
560 544 695 629 gloriam
717 565 810 627 quam
825 545 952 626 penitus
967 543 1099 688 inspici..

104 636 206 697 ssunt
235 631 362 716 quidem
388 630 552 713 praeclara
585 650 665 713 quae
698 629 732 690 in
765 627 930 710 publicum
958 647 1017 710 pro
1034 648 1099 710 ers,

131 717 270 780 sednon
301 717 427 779 minora
455 736 492 779 ea
520 735 601 796 quac
628 712 738 776 limine
764 716 873 775 tenes:
897 715 946 775 est
968 711 1095 794 magni·

129 801 224 862 ficum
240 800 324 883 quod
339 802 371 862 te
387 799 427 860 ab
449 799 537 862 omni
559 797 751 880 contagione
774 797 927 859 uitiorum
947 794 1098 878 reprimis

131 905 168 947 ac
195 903 340 962 reuocas,
373 881 427 945 sed
456 881 713 966 magnificentius
742 880 827 964 quod
855 884 936 944 tuos.
973 882 1094 963 quanto

130 969 217 1032 enim
243 967 346 1049 magis
374 967 507 1029 arduum
542 969 591 1029 cst
625 965 703 1027 alios
736 968 897 1047 praestare
926 985 1022 1046 quam
1050 984 1097 1046 se,

92 1077 117 1117 ιο
129 1055 221 1114 tanto
236 1051 426 1114 laudabilius
447 1050 539 1134 quod,
563 1071 635 1112 cum
655 1049 737 1131 ipse·
745 1051 788 1111 sis
808 1048 959 1131 optimus,
983 1068 1097 1111 omnes

131 1138 215 1199 circa
237 1139 269 1199 te
292 1135 410 1198 similes
430 1137 476 1198 tui
499 1134 641 1197 effecisti.
672 1133 788 1195 multis.
802 1132 980 1196 illustribus
1002 1130 1096 1196 dede·

130 1221 195 1282 cori
216 1219 279 1283 fuit
301 1224 355 1282 aut
377 1217 587 1282 inconsultius
608 1238 688 1281 uxor
708 1220 870 1299 assumpta
892 1220 947 1280 aut
968 1219 1098 1280 retenta

130 1303 320 1387 patientius:
350 1304 396 1366 ita
417 1303 495 1366 foris
517 1303 620 1367 claros
643 1301 819 1364 domestica
841 1300 1024 1384 destruebat
1045 1300 1094 1363 in-

129 1389 237 1469 famia,
261 1391 294 1452 et
315 1408 356 1451 ne
378 1387 509 1450 maximi
530 1389 615 1451 ciues
637 1385 830 1448 haberentur
850 1385 911 1448 hoc
934 1383 1097 1447 efficiebat

92 1496 116 1536 15
131 1472 213 1555 quod
240 1471 347 1534 mariti
374 1472 513 1535 minores
547 1473 647 1534 erant.
684 1469 743 1533 tibi
771 1491 849 1533 uxor
876 1470 908 1533 in
937 1468 1033 1532 decus
1061 1472 1097 1531 et

130 1556 267 1638 gloriam
296 1554 388 1618 cedit.
421 1555 495 1636 quid
524 1555 608 1617 enim
637 1552 692 1616 illa
720 1553 884 1617 sanctius?
914 1552 989 1637 quid
1012 1552 1094 1615 anti-

130 1638 246 1722 quius?
268 1658 384 1718 nonne,
408 1639 434 1699 si
456 1638 599 1720 pontifici
622 1639 761 1701 maximo
785 1637 932 1721 eligenda
954 1636 997 1699 sit
1020 1657 1094 1701 con-

130 1725 224 1805 iunx,
253 1726 308 1785 aut
332 1721 417 1785 hanc
443 1726 499 1783 aut
519 1721 654 1784 similem
672 1723 740 1804 (ubi
756 1724 805 1784 est
820 1725 923 1784 autem
940 1720 1096 1804 similisl)

131 1806 288 1890 elegerit?
310 1827 403 1889 quarn
435 1804 491 1866 illa
518 1804 601 1867 nihil
630 1807 690 1868 sibi
722 1827 760 1869 ex
787 1805 918 1868 fortuna
945 1809 1002 1869 tua
1030 1804 1094 1868 nisi

93 1890 282 1972 ingaudium
311 1889 470 1951 uindicat!
500 1910 593 1971 quam
622 1892 805 1953 constanter
827 1911 892 1953 non
914 1887 1095 1972 potentiam

130 1979 227 2056 tuam,
255 1973 310 2036 sed
337 1974 442 2054 ipsum
469 1975 502 2034 te
529 1974 707 2036 reueretur!
737 1974 821 2036 idem
850 1974 926 2038 estis
953 1973 1096 2036 inuicem

130 2058 211 2140 quod
233 2057 350 2139 fuistis,
372 2056 499 2139 probati
522 2079 560 2120 ex
583 2078 692 2140 aequo,
714 2057 857 2140 nihilque
879 2057 970 2120 uobis
992 2056 1094 2121 felici·

129 2146 179 2206 tas
216 2141 352 2224 addidit,
385 2141 447 2204 nisi
481 2141 563 2223 quod
598 2142 678 2204 scire
712 2143 861 2224 coepistis
889 2162 982 2225 quam
1010 2140 1095 2204 bene

128 2230 261 2310 uterque
282 2229 423 2290 uestrum
445 2225 631 2289 felicitatem
652 2226 745 2288 ferat.
780 2226 888 2288 eadem
911 2246 1005 2308 quam
1027 2246 1093 2288 mo·

90 2333 115 2372 as
129 2312 200 2375 dica
222 2311 324 2380 cultu!
353 2332 448 2395 quam
475 2332 570 2393 parca
599 2310 764 2375 comitatui
794 2330 889 2392 quam
917 2309 1021 2372 ciuilis
1043 2310 1094 2372 in-

129 2396 234 2460 cessui
257 2396 366 2458 mariti
388 2395 448 2458 hoc
470 2416 559 2478 opus,
582 2395 636 2478 qui
652 2395 698 2457 ita
720 2394 844 2474 imbuit,
868 2394 914 2456 ita
936 2391 1093 2456 instituit:

127 2501 204 2542 nam
226 2481 315 2542 uxori
347 2477 466 2541 sufficit
495 2478 639 2560 obsequii
667 2479 778 2562 gloria.
815 2499 868 2561 an,
891 2498 961 2540 cum
985 2477 1096 2541 uideat

129 2583 224 2646 quam
246 2566 278 2625 te
300 2561 407 2624 nullus
429 2566 538 2638 terror,
562 2554 651 2623 nulla
673 2563 840 2624 comitetur
862 2561 1004 2643 ambitio,
1027 2582 1093 2625 non

129 2651 161 2709 et
183 2646 253 2727 ipsa
275 2666 346 2707 cum
376 2645 503 2707 silentio
530 2645 660 2707 incedat
687 2645 983 2729 ingredientemque
1005 2645 1094 2727 pedi-

90 2751 115 2790 ro
129 2729 186 2792 bus
213 2728 373 2809 maritum,
401 2728 436 2791 in
463 2731 618 2810 quantum
645 2729 767 2811 patitur
794 2751 898 2812 sexus,
927 2729 1093 2793 imitetur?

128 2813 268 2877 decuerit
295 2810 356 2875 hoc
384 2811 488 2895 illam,
518 2812 642 2876 etiamsi
671 2813 796 2876 diuersa
823 2817 858 2876 tu
887 2812 996 2876 facias.
1033 2813 1092 2876 sub

127 2897 187 2961 hac
209 2918 285 2959 uero
308 2895 464 2959 modestia
490 2897 551 2958 uiri
578 2900 729 3025 ‹puantam
752 2898 846 2960 debet
867 2896 1093 2961 uerecundiam

127 3003 205 3043 uxor
227 2982 353 3061 marit0,
376 2980 497 3044 femina
519 2980 598 3043 sibi.

183 3064 360 3128 LXXXIV.
385 3063 481 3129 Soror
509 3069 614 3129 autem
642 3069 699 3130 tua
726 3068 763 3131 ut
791 3086 825 3129 se
854 3086 993 3129 sororem
1022 3087 1095 3130 esse

89 3169 114 3209 cs
128 3149 286 3211 meminit!
310 3152 346 3212 ut
366 3149 400 3212 in
422 3148 479 3211 illa
498 3152 554 3212 tua
573 3150 770 3234 simplicitas,
793 3152 848 3212 tua
862 3150 993 3234 ueritas,
1016 3153 1093 3214 tuus

196 3391 209 3438 1
230 3387 323 3438 domos
342 3402 358 3452 ς
381 3384 391 3452 u
415 3390 430 3436 2
449 3403 574 3439 recessus
593 3404 609 3454 ς
632 3387 642 3454 l
667 3391 698 3439 22
717 3388 825 3454 probati
844 3389 1005 3439 Perizonius.-
1029 3405 1090 3455 pro·

126 3457 199 3507 batis
217 3457 244 3504 u
262 3455 332 3506 idem
350 3456 473 3520 probatis
493 3457 618 3523 Gierr'pius
850 3475 855 3483 ·
