2294 3780
132 142 174 207 92
388 145 424 196 11.
462 143 516 195 CL.
535 142 742 195 MAMERTINI
762 144 840 195 Pur.

131 293 279 379 publicae
302 314 410 357 curam
425 297 457 357 et
475 293 574 356 totius
596 292 683 356 orbis
705 292 770 357 fata
792 291 952 375 suscipere
969 294 1002 355 et
1017 291 1101 356 obli-

132 382 202 442 tum
229 377 460 461 quodammodo
496 377 545 440 sui
577 376 728 460 gentibus
761 376 870 439 uiuere
904 379 936 439 et
965 376 1001 440 in
1029 377 1103 440 tam

133 462 231 526 arduo
245 461 455 525 humanarum
470 481 576 524 rerum
596 462 680 525 stare
700 459 842 544 fastigio,
863 481 901 524 ex
919 480 981 543 quo
996 459 1098 524 ueluti

131 549 234 611 terras
257 565 367 609 omnes
395 547 428 608 et
455 544 556 608 maria
586 544 743 627 despicias
771 544 973 628 uicissimque
996 543 1101 609 oculis-

107 649 171 694 aac
186 631 293 693 mente
308 628 474 693 collustres
494 629 550 694 ubi
571 628 614 692 sit
635 631 721 693 certa
736 628 902 712 amanitae,
924 628 979 692 ubi
1002 627 1101 693 dubia

132 715 316 797 tempestas,
338 713 393 796 qui
413 712 569 778 iustitiam
588 716 730 777 uestram
749 712 868 776 iudices
884 712 1097 794 aemulentur,

133 799 188 881 qui
210 797 337 861 uirtutis
359 800 486 861 uestrae
508 797 643 882 gloriam
672 796 767 862 duces
790 799 929 878 seruent,
954 797 1102 880 accipere

132 881 381 946 innumerabiles
396 881 536 964 undique
558 882 697 965 nuntios,
719 881 853 945 totidem
875 881 1027 945 mandata
1049 881 1096 944 di·

132 965 269 1047 mittere,
298 965 336 1030 de
359 967 409 1030 tot
432 966 561 1030 urbibus
589 968 621 1030 et
647 965 833 1029 nationibus
862 969 895 1030 et
920 965 1102 1049 prouinciis-

94 1050 287 1135 recogitare,
316 1052 428 1114 noctes
450 1070 560 1114 omnes
583 1049 712 1133 diesque
733 1049 859 1133 perpeti
881 1048 1102 1114 sollicitudine

132 1154 191 1218 pro
214 1134 356 1198 omnium
379 1133 481 1198 salute
502 1134 689 1218 transigere.

188 1218 246 1284 IV.
270 1217 360 1283 Haeo
380 1216 488 1283 omnia
508 1239 580 1282 eum
602 1239 621 1282 a
641 1218 742 1282 fratre
763 1217 884 1302 optimo
906 1217 1016 1282 oblata
1030 1238 1100 1282 aua·

134 1303 264 1386 ceperis,
288 1308 324 1367 tu
340 1303 445 1368 fecisti
460 1302 595 1389 fortiter,
617 1302 671 1367 ille
692 1303 862 1386 sapienter.
885 1323 990 1386 neque
1011 1302 1098 1367 enim

134 1408 207 1452 oum
228 1387 421 1471 reipubiicae
442 1409 559 1452 nauem
581 1386 737 1452 secundus
760 1409 778 1451 a
800 1387 900 1473 puppi
921 1387 1017 1451 flatus
1038 1387 1096 1449 im-

96 1490 122 1530 re
135 1471 283 1620 pegleret,
319 1472 491 1619 sdalutapgm
518 1493 648 1620 pilanum
681 1471 907 1618 'gubertnaculis
937 1470 1100 1619 adffldisti,

133 1576 332 1703 {araur
355 1577 796 1704 <terrueruut
812 1575 955 1722 {rtur
965 1576 1098 1704 aaa

133 1724 294 1788 sufficeret
326 1723 494 1804 auxilium,
529 1723 755 1807 praecipitanti
789 1724 935 1787 Romano
973 1724 1098 1787 nomini

133 1807 223 1870 iuxta
243 1807 421 1890 principem
447 1807 579 1890 subisti3
607 1808 716 1871 eadem
734 1807 858 1872 scilicet
878 1807 987 1871 auxilii
1007 1828 1098 1890 opor·

95 1908 121 1949 ao
134 1891 273 1954 tunitate
295 1912 357 1973 qua
378 1894 452 1955 tuus
467 1889 622 1956 Hercules
641 1890 751 1955 Iouem
773 1894 915 1956 uestrum
936 1892 1099 1975 quondam

133 1974 367 2059 terrigenarum
382 1973 467 2039 bello
488 1975 687 2040 laborantem
707 1997 824 2060 magna
839 1977 990 2040 uictoriae
1006 1979 1098 2059 parte

133 2057 216 2123 iuuit
236 2059 448 2144 probauitque
469 2081 502 2124 se
523 2081 589 2124 non
609 2060 712 2144 magis
735 2082 753 2122 a
774 2061 822 2124 dis
846 2059 1006 2143 accepisse
1029 2080 1099 2124 cae·

133 2143 199 2207 lum
227 2165 323 2228 quam
352 2144 471 2208 eisdem
498 2144 682 2209 reddidisse.
718 2166 760 2208 an
782 2165 848 2208 non
875 2143 954 2208 illud
976 2143 1097 2208 malurn

134 2227 236 2293 simile
264 2232 481 2293 monstrorum
511 2229 695 2293 biformium
726 2229 761 2292 in
794 2227 881 2293 hisce
914 2228 1008 2292 terris
1036 2227 1100 2291 fuit

94 2329 120 2369 2⁵
133 2314 219 2396 quod
245 2315 314 2396 tua,
344 2313 476 2396 Caesar,
505 2314 613 2379 nereio
643 2318 751 2376 utrum
780 2313 881 2398 magis
909 2311 1099 2376 fortitudine

133 2419 313 2480 repressum
328 2398 371 2462 sit
385 2421 427 2463 an
441 2398 610 2464 clementia
630 2397 826 2481 mitigatum,
851 2417 922 2461 cum
942 2395 1098 2461 militares

133 2481 262 2545 habitus
290 2483 396 2566 ignari
429 2483 588 2567 agricolae
620 2482 858 2565 appetiuerunt,
889 2503 961 2545 eum
990 2483 1101 2545 arator

134 2562 284 2647 peditem,
307 2586 379 2628 cum
394 2569 504 2648 pastor
519 2565 665 2648 equitem,
689 2585 762 2629 cum
782 2564 905 2629 hostem
926 2565 1098 2630 barbarum

135 2667 263 2711 suorum
298 2647 455 2712 cultorum
492 2648 629 2712 rusticus
667 2651 811 2713 uastatur
847 2649 991 2714 imitatus
1024 2648 1098 2713 est?

95 2748 121 2788 ao
135 2731 250 2814 quode
274 2753 292 2794 o
309 2731 425 2795 cursim
462 2734 620 2796 raetere0:
636 2731 729 2796 uideo
742 2733 827 2797 enim
843 2737 884 2817 te,
901 2756 963 2818 qua
976 2735 1099 2818 pietate

135 2836 184 2900 es,
212 2753 407 2880 obiiuionem
428 2754 513 2881 iilius
535 2817 687 2882 uictoriae
715 2817 809 2882 malle
831 2840 927 2902 quarn
949 2819 1097 2903 gloriam.

191 2899 230 2964 V.
257 2898 341 2976 Quid
361 2900 458 2964 uero?
486 2901 604 2985 statim,
627 2900 758 2966 uixdum
779 2903 895 2967 misero
915 2902 970 2966 illo
990 2902 1099 2966 furore

134 2983 257 3066 sopito,
281 3005 351 3049 cum
369 3007 478 3050 omnes
493 2985 659 3051 barbariae
679 2986 829 3051 nationes
851 2987 1008 3051 excidium
1029 2987 1100 3051 uni·

202 3188 263 3238 2in
280 3187 348 3254 tam]
367 3191 487 3240 uitamc
511 3188 521 3256 ss
550 3192 583 3241 20
600 3189 767 3241 HerculisA
791 3189 801 3257 ΙΙ
831 3194 863 3241 22
881 3206 910 3241 se
927 3192 1100 3255 AWCuspe

135 3256 214 3306 oruB
231 3257 249 3304 0
265 3258 287 3304 V
306 3255 315 3321 Η
337 3259 369 3308 23
382 3257 468 3308 eidem
487 3260 504 3307 0
523 3255 527 3324 t
547 3257 690 3308 reddidisti
709 3260 731 3308 Δ
755 3256 764 3323 lt
788 3262 822 3309 ⁴24
839 3259 926 3310 hiisce
943 3261 970 3307 H
988 3257 997 3324 {t
1015 3261 1047 3309 26
1061 3259 1098 3308 eit

134 3337 289 3386 repressum
308 3326 341 3373 W
356 3322 361 3387 Ι
380 3325 509 3376 militaris
527 3341 556 3376 ee
575 3324 639 3376 hab.
657 3326 679 3374 Δ
702 3323 712 3390 ΙΙ
736 3327 769 3376 29
786 3330 956 3378 cantatorem
974 3329 1006 3378 de
1024 3326 1097 3390 Rooy

132 3390 410 3458 spie.erit.p.48911
431 3396 464 3445 30
483 3407 589 3443 cursum
606 3393 663 3442 BG
687 3390 697 3457 fl
721 3395 753 3442 33
772 3394 836 3456 qnid
855 3409 884 3462 g:
904 3394 975 3460 quod
993 3391 1100 3459 Π1134

133 3456 280 3510 barbariae
299 3462 333 3510 A:
352 3461 489 3512 barbarae
506 3461 527 3510 B
545 3464 562 3511 0
581 3460 603 3508 V
621 3460 764 3523 barbar{e
782 3473 807 3510 w
