2294 3780
105 143 126 204 8
431 143 454 194 1,
484 141 514 192 0.
533 141 650 192 PLINII
669 139 768 196 Pius

106 293 252 374 sumpsit.
286 292 394 375 itaque
415 311 481 354 non
502 293 571 353 tum
593 290 628 352 in
651 289 795 353 cubiculo
814 289 870 354 sed
891 290 926 352 in
941 292 1079 375 temp10,

107 398 167 440 nec
196 381 270 440 ante
297 375 458 461 genialem
486 377 592 437 torum
621 373 676 438 sed
706 375 780 437 ante
808 374 958 457 puluinar
986 375 1077 439 Iouis

108 461 222 545 optimi
243 459 374 524 maximi
397 457 526 541 adoptio
549 461 680 542 peracta
701 460 759 541 est,
785 479 848 540 qua
862 459 991 522 tandem
1006 481 1075 523 non

108 546 244 610 seruitus
266 546 376 606 nostra
398 541 453 606 sed
469 542 600 606 libertas
622 545 655 606 et
676 542 762 605 salus
786 545 818 605 et
832 544 984 607 securitas
999 543 1079 607 funOE

80 630 250 694 sdabatur.
296 627 356 691 sibi
380 628 467 691 enim
489 627 624 712 gloriam
645 627 734 690 illam
756 626 788 689 di
810 627 1073 691 uindicauerunt:

106 713 221 776 horum
243 714 323 794 op'us
345 711 434 793 illud,
462 711 576 776 horum
597 711 778 793 imperium,
811 709 920 775 Nerua
948 717 1073 776 tantum

106 795 253 860 minister
285 795 348 859 fuit
381 795 585 878 adiutorque:
629 796 684 878 qui
712 816 782 858 eccm
811 795 979 878 adoptaret
1006 799 1075 859 tam

129 881 213 944 aruit
245 902 339 963 quam
371 883 408 944 tu
442 881 495 964 qui
530 879 743 962 adoptabaris.
794 881 901 944 adlata
934 884 1002 944 erat
1035 902 1073 943 ex

105 903 275 1028 i'annonia
296 964 416 1047 laurea,
440 963 473 1027 id
489 964 659 1048 agentibus
676 963 724 1027 dis
746 967 782 1027 ut
803 964 918 1028 inuicti
940 966 1080 1048 impera--

67 1075 93 1114 10
106 1048 185 1112 toris
219 1049 382 1112 exordium
415 1049 568 1112 uictoriae
603 1048 731 1132 insigne
764 1049 939 1113 decoraret.
989 1048 1074 1112 hanc

106 1132 280 1216 imperator
312 1132 422 1199 Nerua
456 1133 490 1195 in
518 1133 641 1217 gremio
664 1133 752 1196 louis
781 1132 971 1214 collocarat,
1002 1154 1074 1196 cum

106 1222 240 1301 repente
262 1217 358 1281 solito
374 1217 474 1281 maior
497 1220 529 1280 et
551 1239 592 1280 au
640 1217 730 1298 stior,
754 1217 910 1280 aduocata
927 1217 1079 1280 contione·

107 1302 275 1367 hominum
299 1303 502 1386 deorumque,
526 1305 558 1365 te
580 1301 683 1365 fiium
705 1302 774 1383 sibi,
797 1299 859 1365 hoc
874 1304 923 1364 est
943 1300 1074 1364 unicum

109 1387 262 1451 auxilium
283 1387 377 1451 fessis
399 1388 494 1450 rebus
517 1386 705 1470 adsumpsit.
739 1385 815 1449 inde
831 1385 921 1469 quasi
937 1384 1078 1467 depositi

70 1472 512 1618 sortiturus&
534 1493 597 1618 iia
620 1471 1076 1617 tritutattttustu

107 1639 192 1721 quod
214 1638 375 1702 difficilius
397 1577 459 1702 iiiuc
475 1642 544 1722 est),
566 1577 634 1701 noii
657 1660 746 1702 secus
770 1659 809 1701 ac
830 1577 991 1720 grassanti
1014 1638 1074 1700 tibi

107 1723 247 1806 innixus,
278 1723 342 1786 tuis
358 1722 486 1786 umeris
509 1744 543 1786 se
570 1723 771 1806 patriamque
794 1725 989 1804 sustentans,
1018 1725 1080 1786 tua

107 1807 248 1886 iuuenta,
272 1809 328 1870 tuo
351 1808 465 1871 robore
486 1806 633 1870 inualuit.
671 1806 780 1869 statim
803 1806 948 1869 consedit
969 1807 1074 1869 omnis

66 1916 93 1956 ao
108 1892 273 1955 tumultus.
310 1913 377 1955 non
406 1891 585 1974 adoptionis
613 1912 693 1973 opus
721 1889 817 1973 istud,
849 1889 904 1954 sed
931 1889 1074 1973 adoptati

105 1976 185 2059 fuit3
208 1979 303 2059 atque
326 1977 404 2039 adeo
426 1979 547 2040 temere
568 1975 689 2039 fecerat
702 1973 823 2058 Nerua,
847 1975 874 2038 si
891 1974 1078 2058 adoptasset

67 2078 70 2083 ’
107 2060 217 2124 alium.
255 2060 388 2124 oblitine
420 2082 529 2124 sumus
563 2063 599 2123 ut
625 2061 832 2143 nuper-post
870 2059 1074 2141 adoptionem

106 2166 175 2209 non
211 2144 341 2208 desierit
382 2144 506 2228 seditio,
544 2143 599 2208 sed
632 2143 796 2227 coeperit?
830 2144 1074 2207 inritamentum

106 2229 194 2293 istud
224 2229 344 2293 irarum
382 2232 414 2292 et
447 2231 502 2293 fax
538 2229 694 2293 tumultus
730 2227 859 2311 fuisset,
898 2228 961 2291 nisi
994 2228 1073 2290 inci-

68 2314 206 2379 ssdisset
227 2313 262 2376 in
284 2316 326 2378 te.
371 2336 414 2378 an
442 2314 572 2377 dubium
598 2316 661 2395 est,
690 2316 727 2375 ut
749 2312 824 2376 dare
846 2315 955 2394 posset
976 2311 1074 2394 impe-

106 2398 190 2461 rium
216 2397 390 2480 imperator
418 2399 471 2482 qui
499 2398 712 2462 reuerentiam
740 2397 905 2476 amiserat,
939 2396 1074 2460 auctori-

71 2520 75 2526 ·
105 2485 174 2552 tate
201 2483 268 2545 eius
297 2482 445 2546 effectum
473 2482 524 2544 cui
547 2481 705 2544 dabatur?
733 2481 828 2543 simul
855 2480 950 2563 filius,
980 2480 1076 2544 simul

105 2631 308 2639 ..n—...mm

175 2723 265 2771 Itum
285 2735 346 2785 eqo:
364 2724 395 2768 tu
413 2723 448 2779 ti,
467 2722 549 2769 om.R
567 2717 694 2783 tuiwsst
714 2723 805 2768 antem
825 2735 887 2781 gen.
904 2717 908 2784 Ι
924 2718 1035 2783 puluine
1051 2721 1075 2766 Β

108 2786 120 2853 11
144 2788 229 2839 4sed
248 2787 325 2837 salus
345 2791 373 2838 et
390 2787 507 2837 libertas
525 2789 548 2836 Β
574 2785 579 2852 Ι
606 2787 771 2836 fundebatur
788 2787 822 2833 W
845 2784 855 2850 11
880 2786 1015 2836 5uindic.
1035 2785 1073 2832 dii

104 2855 223 2920 gloriam
240 2855 316 2905 illam
334 2852 373 2919 011
391 2857 406 2904 6
425 2868 495 2919 opus
512 2853 575 2904 illut
591 2854 687 2904 horum
706 2855 741 2902 R:
760 2868 828 2917 opus
847 2853 941 2903 horum
959 2851 1028 2901 illud
1047 2854 1075 2899 u

107 2921 112 2989 t
140 2928 234 2974 tamen
252 2923 317 2972 min.
333 2922 390 2971 Bc
415 2919 425 2986 ΙΙ
449 2925 464 2972 7
488 2921 542 2971 fuit
559 2922 684 2971 minister
702 2923 725 2968 Β
751 2921 755 2977 ῐ
783 2920 946 2984 adiutorque
964 2921 1073 2982 scripsi:

105 2995 222 3057 uterque
241 2992 258 3038 0
280 2990 391 3054 utrique
409 2991 429 3038 B
447 2991 469 3037 V
490 2993 575 3054 utque
593 2989 626 3038 W
643 2993 674 3039 ut
691 2991 714 3036 Β
743 2985 753 3053 11
784 2989 908 3051 quicum
928 2987 1074 3051 adoptaret

104 3060 214 3123 scripsi:
237 3058 284 3121 qui
302 3057 452 3122 adoptaret
469 3060 492 3107 Β
509 3059 537 3105 Μ
559 3055 564 3121 Ι
591 3059 686 3122 utique
706 3059 752 3119 qui
771 3056 920 3119 adoptaret
940 3055 1075 3103 Ernestias

106 3125 253 3191 adoptarat
270 3124 430 3175 Schwarzius
448 3129 477 3174 et
495 3125 541 3189 qui
559 3124 711 3189 adoptabat
728 3124 830 3173 Keiiius
851 3119 861 3187 11
883 3123 915 3171 10
934 3121 1074 3170 exordium

105 3195 140 3242 B:
160 3196 284 3243 exortum
302 3192 353 3256 lit
379 3193 541 3242 decorarent
558 3193 578 3240 B
596 3193 619 3240 V
643 3191 646 3255 Ι
671 3192 743 3241 hunc
762 3206 808 3241 om.
826 3191 849 3238 Β
872 3187 882 3254 ΙΙ
908 3191 938 3238 11
957 3188 1074 3238 colloca-

105 3265 150 3311 ret
167 3261 190 3308 Β
201 3257 212 3325 ΙΙ
224 3262 257 3310 12
274 3260 385 3311 solitum
402 3261 489 3310 maior
507 3261 704 3325 augustiorque
723 3260 746 3307 Β
765 3255 769 3320 Ι
789 3258 916 3307 contione
935 3257 1072 3306 hominum

103 3329 141 3377 Bt
162 3327 300 3378 hominum
319 3328 451 3378 concione
471 3324 559 3392 (conc.
578 3343 624 3376 om.
642 3326 686 3390 W)
704 3327 732 3374 li
754 3323 764 3389 ΙΙ
789 3326 822 3374 14
843 3324 933 3375 sesses
951 3327 974 3374 Β
997 3323 1001 3389 Ι
1027 3325 1076 3373 de-

103 3395 195 3461 posito
213 3396 329 3461 imperio
347 3392 386 3460 ςΙΙ
399 3398 430 3445 17
450 3392 496 3459 ac]
516 3395 550 3444 ad
569 3396 592 3443 Β
605 3391 614 3458 ΙΙ
631 3396 664 3444 20
682 3392 730 3443 sed
750 3391 876 3456 adoptati
895 3393 948 3443 fuit
965 3395 1000 3442 R:
1019 3392 1079 3442 fuit

103 3462 154 3514 sed
172 3463 299 3530 adoptati
317 3463 344 3510 lt
361 3460 371 3526 ΙΙ
388 3465 421 3514 25
438 3467 469 3512 ut
487 3477 518 3511 ·c·
536 3478 570 3512 ne
589 3461 654 3512 dere
673 3462 728 3509 BV
746 3465 777 3510 ut
795 3460 859 3510 dare
879 3476 933 3511 nou
952 3475 977 3526 ς.
