2294 3780
102 169 166 232 270
223 172 271 220 XI.
297 168 387 218 MAM.
408 167 511 219 GRAT.
531 165 954 217 AOT101UL1ANO.31-ca

104 319 227 383 artibus
249 317 365 382 mereri
393 314 557 380 consulem
580 313 649 378 fieri
673 336 769 397 quam
791 315 950 379 industria
977 316 1010 379 et
1030 315 1074 381 la·

105 405 180 469 bore
226 403 353 467 erficere
380 403 417 464 ut
439 399 576 462 uidearis
599 400 768 482 meruisse,
797 420 870 463 cum
891 399 998 463 factus
1021 400 1074 464 sis.

261 486 302 550 II.
332 484 440 561 Absit,
463 485 620 567 Auguste,
642 485 675 546 et
690 483 775 546 istud
792 486 906 548 sancta
921 483 1075 548 diuinitas

105 594 199 637 omen
222 571 347 634 auertat
373 571 409 630 ut
430 571 466 631 tu
491 589 510 630 a
532 588 691 650 quoquam
720 568 904 631 mortalium
927 570 1077 650 expectes

80 658 209 720 sulcem
232 652 395 718 beneficii!
434 654 676 715 cerumtamen
705 651 802 735 (quod
825 653 928 716 solum
950 653 1003 716 uel
1026 674 1076 716 ac·

107 743 212 822 cipere
240 741 348 821 potest
375 737 438 799 ista
464 735 595 800 fortuna
623 735 674 799 nel
702 757 720 798 a
747 736 842 799 nobis
871 736 986 818 opibus
1014 737 1077 801 tuis

105 823 222 906 tribui)
253 820 516 885 inmortalitatem
542 841 709 882 munerum
735 823 864 884 tuorum
897 820 1000 885 colam
1029 822 1077 884 of-

106 908 188 972 ficiis
204 905 417 990 sempiternis.
441 925 536 968 omne
551 904 728 988 negotium,
745 925 838 968 omne
853 905 953 968 otium
969 926 1078 968 meum

106 992 141 1054 in
157 991 310 1055 ornandis
325 990 420 1054 rebus
435 989 498 1052 tuis
519 987 780 1072 celebrandisque
795 993 948 1071 ponetur,
972 1010 1078 1072 neque

70 1097 94 1136 ro
108 1076 212 1139 solum
241 1097 260 1138 a
287 1075 418 1138 uiuente
445 1094 496 1136 me
524 1093 560 1136 ac
589 1072 720 1169 uigente
749 1074 834 1156 grati
862 1073 961 1137 animi
987 1072 1078 1137 beni-

107 1160 248 1224 uolentia
270 1157 494 1238 declarabitur,
519 1155 702 1239 sedetiam,
726 1178 798 1221 cum
820 1179 870 1221 me
893 1158 1002 1221 anima
1025 1158 1077 1221 de·

107 1244 229 1326 fecerit,
253 1244 462 1307 monumenta
476 1241 524 1304 tui
545 1240 579 1302 in
599 1262 650 1304 me
665 1240 813 1305 beneficii
830 1242 1077 1325 permanebunt.

107 1329 141 1391 in
169 1327 337 1392 referenda
370 1329 477 1390 autem
506 1324 626 1409 gratia,
663 1325 862 1390 sanctissime
891 1326 1078 1410 imperator,

107 1411 169 1475 hoc
192 1412 251 1475 tibi
273 1412 428 1493 polliceor
450 1430 637 1492 semperque
658 1410 844 1494 praestabo,
872 1409 952 1474 mihi
972 1432 1079 1494 neque

70 1516 94 1556 15
108 1496 143 1558 in
162 1495 371 1580 suggerendis
393 1494 534 1559 consiliis
550 1493 719 1558 ueritatem
739 1515 841 1577 neque
861 1495 895 1558 in
912 1495 1078 1579 adeundis,

108 1580 135 1642 si
163 1600 213 1643 res
239 1579 436 1662 poposcerit,
465 1578 614 1661 periculis
642 1578 784 1642 animum
811 1601 913 1662 neque
941 1580 977 1643 in
1005 1601 1080 1644 sen·

108 1663 210 1727 tentia
238 1663 426 1745 simpliciter
448 1662 579 1726 ferenda
600 1662 695 1725 fidem
724 1684 826 1746 neque
854 1663 889 1727 in
910 1663 1079 1728 hominum

108 1747 328 1810 uoluntatibus
351 1769 408 1829 pro
437 1767 471 1809 re
494 1746 623 1828 publica
644 1749 738 1829 teque
759 1746 924 1812 laedendis
948 1747 1078 1813 liberta·

108 1834 175 1892 tem
200 1851 307 1925 ⁸neque
335 1830 368 1891 in
390 1829 553 1893 laboribus
580 1830 780 1913 perferendis
804 1831 995 1896 industriam
1021 1854 1079 1896 ne·

71 1934 96 1973 ao
110 1934 170 1995 que
197 1934 231 1976 m
259 1912 415 1996 augendis
444 1914 569 1996 imperii
590 1914 638 1977 tui
666 1915 839 1979 commodis
864 1917 950 2000 grati
977 1917 1078 1980 animi

109 1997 363 2062 beniuolentiam
390 1996 588 2079 defuturam,
624 1997 719 2081 idque
753 2000 840 2063 omni
868 2000 955 2064 uitae
988 2022 1079 2065 meae

109 2084 252 2165 tempore
280 2082 411 2147 summis
439 2082 554 2164 opibus
583 2082 746 2146 enisurum
772 2084 1008 2149 elaboraturum
1034 2085 1078 2150 ef·

109 2167 268 2230 lecturum
296 2171 333 2230 ut
353 2166 492 2230 honores
520 2168 554 2230 in
582 2167 703 2230 metui
732 2189 813 2250 non,
845 2169 920 2251 quia
948 2190 1079 2235 necesse

20 2254 24 2261 ’
109 2250 216 2334 fuerit,
233 2251 273 2314 ad
287 2273 516 2334 quemcumque
530 2250 636 2332 delati,
658 2251 723 2333 sed,
739 2252 814 2335 quia
828 2252 874 2315 ita
889 2254 1078 2338 oportuerit,

71 2352 96 2394 aa
111 2337 197 2399 recte
219 2335 371 2418 positi'et
393 2336 519 2398 ratione
542 2335 690 2400 collocati
713 2357 781 2400 esse
803 2336 985 2402 uideantur.

179 2542 211 2589 10
228 2541 342 2589 uiuente
360 2557 403 2589 me
422 2555 455 2589 ac
473 2539 584 2604 uigente
604 2541 749 2590 Liuineius:
769 2542 881 2591 uiuente
901 2539 1078 2605 (iuuentem)

110 2621 171 2655 mea
190 2607 235 2654 eui
252 2611 334 2670 gente
352 2607 376 2655 A
393 2606 466 2654 Bert.
489 2607 632 2659 iuuentute
652 2623 714 2658 mea
731 2609 844 2673 uigente
861 2610 882 2658 B
900 2610 918 2657 (1
935 2610 958 2658 V
982 2611 1078 2660 iuuen·

111 2677 170 2722 tute
189 2687 248 2735 mea
267 2677 307 2722 tui
326 2674 359 2720 W
378 2673 441 2737 (seq.
459 2689 511 2722 ras.
530 2678 547 2722 5
564 2672 623 2737 litt.)
641 2672 650 2738 ΙΙ
669 2677 699 2724 11
719 2673 817 2739 etiam]
838 2680 866 2725 et
884 2676 959 2726 Bere.
975 2676 979 2742 Ι
995 2678 1078 2727 meA

111 2739 201 2790 Bert:
229 2756 246 2789 a
264 2755 305 2789 me
321 2740 342 2788 B
361 2742 378 2788 G
398 2740 419 2786 V
436 2742 469 2788 W
497 2738 507 2805 ΙΙ
536 2743 569 2790 20
590 2743 663 2804 grati
680 2738 765 2793 animi
783 2743 1000 2794 beniuolentiam
1020 2759 1077 2796 eor-

109 2815 210 2872 raptum
233 2816 284 2867 esc,
311 2815 398 2870 utpote
416 2825 430 2857 e
448 2810 465 2857 l.
486 2812 518 2857 10
539 2812 680 2869 repetitum.
710 2813 868 2875 reposuerim
890 2811 1042 2862 ualentiam
1069 2809 1079 2875 ξΙ

109 2877 143 2991 122
170 2877 311 2926 enixurum
335 2875 482 2925 BOVW
511 2873 521 2939 ΙΙ
550 2877 584 2926 24
610 2873 687 2942 quia]
717 2878 789 2942 quod
816 2877 891 2929 Bert.
922 2877 932 2944 ΙΙ
962 2881 995 2930 25
1022 2877 1078 2930 col-

122 2943 162 2992 ati
180 2945 213 2991 W
