2294 3780
278 149 509 202 CONSTANTIO
528 148 682 200 cansam
699 149 733 201 D.
758 152 866 201 11-14.
997 149 1056 212 141

87 302 165 363 rent
191 319 252 364 nec
275 296 408 364 consilio
429 298 647 362 intermissum
673 319 741 362 esse
763 300 897 381 bellum,
927 299 983 362 sed
1006 299 1057 362 de·

86 383 275 467 speratione
291 382 444 446 omissum
459 381 634 465 crederent,
658 383 736 447 adeo
750 387 866 449 utiam
881 384 1057 447 communis

153 487 214 532 nae
241 466 357 530 timore
384 465 528 549 deposito
562 466 787 550 archipiratam
817 466 945 533 satelles
973 468 1057 533 occi·

112 554 181 616 eret
207 554 241 615 et
266 548 346 616 illud
372 553 645 614 auctoramentum
673 554 757 616 tanti
780 552 974 618 discriminis
1000 573 1057 636 pu·

88 639 176 701 taret
196 635 375 719 imperium.
1070 655 1083 694 5

155 717 246 784 XIII.
291 717 362 783 Hoc
384 718 484 804 igdtur
505 718 625 783 bellum
646 723 712 783 tam
735 722 964 800 necessarium,
991 723 1058 784 tam

89 803 222 869 difficile
243 803 343 886 aditu,
365 805 433 867 tam
452 803 676 887 inueteratum,
698 807 766 868 tam
787 806 978 869 instructum
1000 804 1056 882 ita,

89 887 226 971 Caesar,
254 908 426 973 aggressus
449 908 482 951 es
504 890 554 971 ut,
578 889 687 952 statim
709 892 804 974 atque
826 890 882 954 illo
905 889 1058 953 infestum

87 973 269 1037 maiestatis
289 974 365 1036 tuae
386 970 508 1036 fulmen
529 971 728 1054 intenderas,
752 974 933 1039 confectum
956 973 1058 1037 omni-

88 1057 151 1122 bus
178 1057 349 1121 uideretur.
394 1077 470 1120 nam
498 1057 601 1140 primo
630 1058 773 1122 omnium
803 1059 851 1144 (in
880 1079 942 1139 quo
967 1077 1097 1140 praem

89 1143 186 1225 cipue
207 1140 441 1206 consulendum
463 1139 550 1226 fuit),
572 1163 614 1206 ne
636 1142 710 1226 quid
733 1143 887 1207 barbarae
908 1143 1057 1206 nationes

88 1246 246 1291 conuerso
268 1224 344 1289 illuc
365 1225 496 1289 numine
518 1229 574 1289 tuo
595 1247 715 1290 nouare
736 1229 946 1310 temptarent,
968 1227 1056 1288 inuo-

88 1313 166 1376 cata
197 1309 299 1393 patris
326 1310 374 1373 tui
405 1310 573 1373 maiestate
605 1311 769 1393 prouisum
803 1314 861 1373 est.
906 1313 941 1372 tu
972 1308 1057 1371 enim

87 1397 170 1480 ipse,
193 1397 229 1459 tu
243 1394 370 1458 domine
385 1392 591 1476 Maximiano,
615 1394 788 1478 imperator
811 1398 949 1475 aeterne,
971 1412 1056 1456 nouo
1119 1430 1121 1435 ·

86 1479 217 1545 itineris
244 1477 434 1562 compendio
464 1477 637 1542 aduentum
666 1478 844 1543 diuinitatis
870 1483 943 1542 tuae
971 1497 1058 1541 acce·
1072 1493 1096 1536 rs

88 1565 195 1628 lerare
216 1562 367 1647 dignatus
395 1566 527 1646 repente
549 1561 664 1627 Rheno
692 1563 840 1627 institisti
869 1582 1059 1644 omnemque

87 1646 184 1713 illum
215 1646 351 1712 limitem
386 1668 452 1710 non
486 1647 685 1731 equestribus
721 1668 824 1731 neque
856 1645 1058 1730 pedestribus

89 1732 209 1816 copiis,
254 1732 308 1796 sed
344 1732 546 1814 praescntiae
581 1735 656 1795 tuac
696 1734 816 1796 terrore
851 1733 974 1796 tutatus
1015 1750 1058 1793 es.

86 1815 309 1901 quantoslibet
335 1815 464 1879 ualebat
490 1816 647 1880 exercitus
670 1815 886 1881 Maximianus
914 1815 949 1878 in
975 1816 1057 1897 ripa.

89 1906 128 1965 tu
157 1920 247 1980 uero,
281 1899 402 1964 inuicte
431 1898 558 1982 Caesar,
592 1901 755 1966 instructis
788 1901 982 1984 armatisque
1013 1899 1058 1962 di·
1071 1918 1097 1957 sc

91 1986 195 2050 uersis
225 1983 378 2049 classibus
403 1984 449 2047 ita
469 1982 595 2049 hostem
617 1985 775 2049 incertum
804 1986 989 2067 consiliique
1012 1984 1058 2046 in-

90 2090 187 2154 opem
212 2068 379 2133 reddidisti
404 2070 442 2133 ut
463 2072 541 2133 tunc
563 2069 638 2133 deni
661 2090 700 2133 ue
728 2070 864 2133 senserit
888 2067 971 2152 quod
993 2086 1059 2129 non

90 2154 235 2218 munitis
257 2155 342 2217 asset
362 2172 492 2235 oceano,
516 2152 571 2216 sed
593 2090 745 2217 inclusus.

155 2236 245 2303 XIV.
274 2236 347 2301 Hoc
368 2236 438 2301 loco
460 2237 551 2302 uenit
571 2237 607 2299 in
625 2238 764 2300 mentem
787 2234 867 2298 mihi
890 2256 984 2317 quam
1007 2234 1059 2297 de·

91 2322 190 2387 licata
211 2321 339 2386 illorum
356 2321 462 2406 princi
484 2343 540 2385 nm
561 2320 661 2384 fuerit
681 2320 716 2384 in
738 2318 990 2383 administranda
1010 2340 1057 2382 re·
1071 2336 1097 2377 aa

91 2405 223 2554 publica
244 2408 276 2471 et
297 2343 502 2504 adipiscenda
523 2403 617 2469 laude
633 2403 783 2501 felicitas,
807 2403 921 2502 quibus
936 2402 1058 2467 Rornae

114 2490 284 2576 egentibus
299 2489 455 2589 triumphi
477 2493 510 2554 et
531 2509 725 2574 cognomma
746 2490 942 2553 deuictarum
966 2510 985 2552 a
1005 2487 1059 2551 du·

91 2574 184 2640 cibus
218 2576 283 2639 suis
317 2577 463 2660 gentium
496 2574 738 2658 proueniebant.
787 2573 894 2656 itaque
926 2572 1057 2655 Fronto,
1131 2632 1135 2639 .

91 2659 256 2723 Romanae
288 2658 491 2743 eloquentiae
521 2680 589 2722 non
617 2657 806 2741 secundum,
841 2657 897 2721 sed
924 2657 1060 2722 alterum

91 2743 207 2825 decus,
239 2764 311 2807 cum
332 2742 406 2807 belli
429 2744 464 2806 in
487 2741 659 2808 Britannia
681 2743 820 2807 confecti
842 2742 967 2806 laudem
990 2742 1058 2806 An·
1072 2756 1098 2797 ³0

91 2828 208 2891 tonino
242 2827 380 2911 principi
407 2826 514 2910 daret,
550 2827 698 2910 quamuis
724 2827 779 2890 ille
813 2827 848 2889 in
875 2827 944 2909 ipso
972 2825 1060 2888 urbis

164 3067 177 3114 1
192 3079 253 3116 esse
267 3064 368 3115 bellum
381 3066 537 3116 two-t:
549 3064 650 3116 bellum
662 3080 723 3116 esse
735 3066 756 3114 B
766 3066 782 3114 0
792 3065 814 3112 V
826 3063 836 3130 ll
849 3067 864 3114 2
882 3065 1018 3115 communi
1036 3078 1060 3113 w

91 3134 184 3183 omnis
196 3147 286 3197 paene
295 3131 381 3193 Bert,
392 3134 458 3182 unde
471 3134 544 3182 omni
556 3148 643 3197 paene
657 3133 739 3198 (pene
749 3129 787 3197 n)
801 3130 1062 3185 timoreFrModr‘us

92 3198 103 3265 ΙΙ
120 3202 137 3250 4
154 3200 228 3250 tanti
247 3199 369 3251 criminis
386 3201 519 3250 Liuineius
535 3198 545 3265 11
562 3202 577 3249 9
595 3200 694 3251 flumen
712 3197 752 3265 cn
770 3202 802 3251 10
818 3200 948 3251 uideatur
966 3202 989 3248 Α
1006 3198 1011 3264 Ι
1030 3202 1061 3251 13

92 3264 148 3333 tui]
170 3273 217 3318 tue
235 3264 276 3332 cll
294 3269 326 3318 15
345 3266 502 3318 accelerare
520 3295 553 3303 —
574 3270 604 3318 18
623 3269 799 3333 praesentIae
818 3272 884 3319 tuae
903 3285 948 3319 om.
967 3270 989 3317 V
1028 3269 1062 3317 td

93 3334 187 3388 etad.
207 3333 288 3385 laude
307 3334 396 3387 Bert:
416 3335 505 3386 etad.
524 3335 591 3400 rpr.
610 3334 692 3385 laude
711 3336 728 3384 (t
746 3335 778 3383 W
796 3340 825 3386 et
842 3335 884 3386 ad.
903 3351 960 3401 rep.
980 3334 1060 3384 laude

89 3403 118 3452 Δ
134 3403 155 3451 Β
173 3401 256 3452 laude
272 3404 295 3451 V
312 3419 359 3454 om.
377 3408 405 3453 et
424 3401 467 3452 ad.
481 3400 491 3468 11
508 3404 541 3454 27
561 3401 704 3454 adnisibus
722 3402 745 3451 Α
761 3400 771 3467 ΙΙ
788 3404 821 3454 28
839 3417 948 3467 pernen.
967 3400 1011 3466 ΔΙΙ
1028 3404 1061 3452 30

90 3471 209 3520 antonio
228 3472 245 3520 (t
