2294 3780
129 172 192 238 306
453 174 516 223 XII.
544 172 677 224 PACATI
694 173 775 223 PAN.

129 324 199 406 bus,
222 324 364 387 afronte
380 322 583 397 ,criminibus
614 322 641 385 si
663 343 814 406 morerer,
839 343 1013 387 suaseram.
1043 324 1098 388 sed

129 430 217 492 ecce,
246 430 306 472 nec
329 407 470 472 animum
493 407 637 490 sequitur
657 428 774 470 manus
796 427 855 471 nec
877 429 1009 471 manum
1030 407 1098 493 gla-

129 494 215 558 dius:
252 493 527 590 labitur'ferrum,
550 492 660 588 tremit
682 491 826 588 dextera,
850 513 943 623 ineps
965 491 1099 561 fatiscit.

103 576 1101 744 521,thlibbnarrabat,rancescat}

129 768 191 831 que
214 747 396 811 consistunt
423 750 456 808 et
477 767 554 828 prae
576 747 690 809 timore
715 766 782 809 non
803 745 946 830 fugiunt,
975 748 1024 810 ita
1046 745 1104 810 ille

129 834 199 916 ipso
214 851 276 913 quo
299 829 483 914 agitabatur
505 834 591 894 metu
607 829 758 914 alligatus
780 830 814 893 in
830 830 982 914 oppidum
997 835 1105 895 semet

130 914 335 999 Aquileiense
357 915 548 998 praecipitat
572 935 638 979 non
660 917 695 978 ut
717 914 818 978 uitam
845 914 1026 980 resistendo
1048 915 1102 981 de-

128 999 285 1082 fenderet,
310 999 364 1063 sed
386 1021 427 1063 ne
449 1020 587 1082 poenam
607 998 794 1063 frustrando
809 998 960 1064 differret.
989 1022 1103 1084 quam·

92 1105 117 1145 10
130 1106 225 1169 quam
253 1105 333 1167 quae
361 1088 487 1166 poterat
514 1084 646 1147 ulterior
675 1105 743 1147 csse
771 1082 906 1148 dilatio?
951 1105 1024 1147 cum
1054 1086 1103 1149 ita

130 1168 274 1253 uestigiis
309 1170 375 1232 eius
408 1190 446 1232 ac
473 1172 564 1253 tergo
599 1168 712 1231 ardens
746 1168 838 1231 miles
868 1168 1034 1232 insisteret
1065 1173 1104 1233 ut

129 1275 231 1338 paene
260 1274 387 1317 omnem
415 1274 495 1335 quae
524 1257 573 1317 est
599 1256 708 1316 secuta
729 1273 882 1336 pompam
909 1251 988 1316 ultio
1010 1253 1104 1319 festi·

130 1342 208 1403 nata
252 1337 439 1419 raeceperit.

194 1361 346 1486 xlxlx.
398 1420 498 1484 Recte
520 1421 664 1503 profecto
687 1442 841 1505 germana
862 1421 918 1484 illa
939 1422 1103 1504 pictorum

92 1526 118 1568 rs
131 1511 359 1590 poetarumque
382 1509 563 1568 commenta
580 1503 758 1569 Uictoriam
778 1505 898 1570 finxere
920 1506 1104 1590 pinnatam,

131 1590 214 1675 quod
229 1591 397 1654 hominum
420 1610 492 1653 cum
506 1589 638 1653 fortuna
659 1591 803 1654 euntium
825 1612 891 1654 non
912 1611 1022 1654 cursus
1043 1594 1102 1675 est,

131 1676 187 1740 sed
208 1675 346 1740 uolatus.
390 1673 445 1738 ille
473 1675 513 1738 ab
540 1674 653 1737 ultimo
682 1674 816 1738 orientis
844 1675 917 1738 sinu
937 1674 1103 1739 festinatis

131 1760 299 1824 itineribus
321 1762 431 1842 ruptus
451 1759 619 1841 exercituo,
643 1763 692 1822 tot
712 1759 897 1823 nationibus
919 1758 1104 1842 relinquen-

132 1844 195 1924 dis,
223 1846 272 1907 tot
293 1842 477 1905 fluminibus
505 1842 690 1924 enatandis,
718 1847 768 1907 tot
792 1842 982 1907 scandendis
1011 1865 1104 1909 mon·

93 1948 119 1989 uo
131 1927 218 1991 tibus
232 1926 398 2009 fatigatus
420 1927 454 1988 in
475 1926 537 1989 alio
553 1927 629 1990 orbe
650 1929 683 1990 et
697 1927 755 1990 sub
771 1927 833 1990 alio
848 1949 950 2011 paene
967 1928 1104 1993 dixerim

132 2011 197 2076 sole
220 2011 356 2095 posituS,
385 2010 490 2093 spatio
517 2010 597 2075 lucis
625 2010 718 2076 unius
743 2010 870 2095 Illyrico
900 2013 1104 2077 continuauit

132 2097 323 2181 Aquileiam.
360 2094 441 2160 nihil
463 2099 572 2160 tamen
596 2095 724 2160 sibimet
745 2095 807 2160 hoc
828 2097 959 2160 nomine
981 2097 1103 2162 milites

132 2183 179 2244 tui
201 2181 369 2245 uindicant
391 2184 433 2263 et,
457 2181 484 2244 si
507 2180 634 2264 quando
658 2180 845 2244 mirantium
868 2180 1004 2245 circulos
1027 2203 1103 2246 con-

131 2266 267 2330 trahunt
302 2268 358 2330 aut
394 2265 545 2329 conuiuia
580 2270 691 2329 nostra
719 2286 874 2363 'sermone
898 2265 1101 2362 producunt,

94 2349 1104 2518 ²⁵{ttiltalttltunlulltdnfiuidittffm‚ltllllltlsselti

132 2518 278 2583 laborum
292 2520 476 2602 peruenisse
497 2540 530 2582 se
545 2518 686 2582 uiderint
699 2539 762 2601 quo
778 2519 825 2582 ire
842 2539 909 2582 non
925 2523 1103 2585 senserant.

132 2607 256 2686 negant
284 2603 381 2667 immo
410 2624 443 2665 se
472 2604 537 2666 suis
568 2609 677 2667 uectos
707 2624 775 2667 esse
803 2603 1004 2686 corporibus,
1034 2606 1102 2688 sed,

133 2690 295 2771 tamquam
317 2708 375 2769 per
396 2687 518 2769 aliquas
541 2687 698 2771 imagines
722 2687 918 2751 somniorum
939 2687 1104 2754 ferrentur

95 2790 121 2831 ou
135 2773 302 2853 absentes,
339 2771 523 2854 praebuisse
555 2771 757 2855 gestantibus
790 2773 894 2835 uentis
928 2773 1104 2837 otiosorum

134 2857 311 2921 ministeria
338 2855 563 2920 membrorum.
609 2877 669 2920 nec
690 2855 769 2920 fides
796 2877 924 2939 anceps.
970 2879 1048 2921 nam
1077 2859 1105 2921 si

135 2940 211 3004 olim
241 2941 342 3005 seueri
371 2941 531 3005 credidere
553 2941 688 3004 maiores
712 2939 861 3005 Oastoras
884 2942 1032 3024 geminos
1059 2942 1104 3005 al-

203 3160 518 3226 aequilegieuseaw
544 3163 547 3226 Ι
580 3161 688 3213 defend.
706 3163 832 3212 resisto
862 3159 872 3227 ΙΙ
903 3165 934 3210 10
952 3177 1014 3212 esse
1033 3163 1105 3215 ulte-

134 3230 190 3280 rior
207 3229 240 3276 Ἦ
258 3225 267 3293 ΙΙ
287 3231 318 3278 12
338 3226 476 3295 pompam]
496 3247 613 3295 poenam
630 3232 764 3280 Acidaliae
781 3227 791 3294 ΙΙ
809 3231 840 3280 13
860 3230 1012 3294 preceperit
1029 3232 1053 3280 Δ
1065 3245 1104 3281 w:

135 3297 261 3363 percepit
279 3297 298 3344 B
317 3297 375 3345 GV
405 3296 414 3362 ΙΙ
446 3300 477 3347 14
499 3299 681 3361 germaniaA
705 3299 825 3363 genuina
843 3297 917 3347 Bert.
947 3295 957 3362 ΙΙ
988 3300 1020 3349 19
1040 3315 1106 3349 eua-

136 3365 253 3415 cuandis
269 3366 306 3427 Δς
333 3380 412 3430 marg.
429 3365 462 3412 W
483 3362 520 3415 al.
541 3366 709 3417 euacuandis
739 3362 749 3430 ΙΙ
778 3367 811 3415 22
833 3365 937 3415 milites
954 3366 997 3415 tui
1021 3368 1105 3417 omit

135 3430 143 3498 Η
172 3435 204 3483 23
227 3432 422 3484 uindicauitc
456 3430 465 3496 ΙΙ
500 3435 532 3483 29
556 3434 783 3484 ferrenturtct
811 3433 966 3483 sererentur
983 3434 1003 3481 B
1023 3436 1045 3483 V
1068 3433 1107 3485 fe·

134 3506 231 3550 rentur
249 3514 273 3549 w
