2294 3780
377 160 538 210 'rumano
558 159 592 210 D.
617 162 724 212 ro-sr.
869 172 873 177 ·
991 160 1031 224 75

58 307 213 403 gularum
241 308 338 371 etiam
367 309 544 372 ciuitatium
568 309 716 392 precibus
745 313 899 373 occurrat.
944 311 1032 374 nulla

60 414 99 455 1n
123 391 282 455 audiendo
304 392 492 475 difficultas,
514 393 604 457 nulla
625 394 660 456 in
682 393 903 477 respondendo
925 415 1029 457 mora:

61 478 185 539 adeunt
206 477 327 555 statim,
351 476 558 540 dimittuntur
580 479 705 541 statim·
730 478 923 561 tandemque
944 479 1032 561 prin-

62 560 145 643 cipis
168 559 253 623 fores
276 561 404 625 exclusa
426 561 625 645 legationum
646 527 741 625 turba
764 584 830 626 non
853 561 987 626 obsidet.

127 642 257 708 LXXX.
303 643 409 720 Quid?
446 646 482 708 in
504 646 651 709 omuibus
674 646 912 730 cognitionibus
934 663 1057 729 quam⁵

63 728 152 791 mitis
175 728 339 813 seueritas,
362 750 457 813 quam
480 751 545 794 non
568 730 722 794 dissoluta
744 731 928 795 clementia!
962 751 1032 793 non

62 816 98 875 tu
121 812 347 896 locupletando
373 814 450 877 fisco
473 818 623 897 operatus
646 813 750 896 sedes,
782 836 841 878 nec
864 814 949 878 aliud
971 814 1031 878 tibi

61 899 244 960 sententiae
266 901 339 961 tuae
360 899 500 981 pretium
522 920 617 982 quam
639 899 719 962 bene
741 898 907 963 iudicasse.
944 901 1032 962 stant

64 984 142 1044 ante
164 984 196 1044 te
218 980 398 1065 litigatores
420 1003 487 1046 non
509 983 547 1046 de
570 983 707 1046 fortunis
730 984 812 1064 suis,
836 983 891 1046 sed
915 983 953 1046 de
975 985 1031 1046 tua

63 1065 300 1129 existimatione
334 1066 479 1148 solliciti,
516 1088 577 1131 neo
606 1069 674 1131 tam
707 1072 860 1131 uerentur
889 1066 965 1151 quid
992 1067 1030 1130 de
1044 1084 1069 1121 10

64 1170 161 1213 causa
188 1171 245 1213 sua
274 1172 369 1233 quam
391 1149 467 1234 quid
494 1151 533 1214 de
555 1152 697 1215 moribus
726 1153 856 1215 sentias.
900 1172 1031 1214 oueras

62 1232 220 1317 principis
257 1239 352 1318 atque
388 1235 487 1298 etiam
523 1235 574 1299 dei
611 1256 703 1300 curas
740 1234 946 1299 reconciliare
979 1256 1030 1298 ae·

59 1318 168 1381 mulas
202 1319 348 1382 ciuitates
381 1322 605 1403 tumentesque
632 1318 767 1414 populos
800 1339 866 1382 non
898 1319 1058 1414 hiperi?-

61 1401 1070 1572 utetcenturiatorumuisitetur1,

61 1570 134 1634 fieri
166 1591 232 1634 non
264 1573 456 1654 oportuerit,
495 1577 657 1656 postremo
692 1570 883 1635 uelocissimi
917 1570 1031 1634 sideris

63 1673 154 1719 more
176 1655 285 1719 omnia
306 1657 461 1736 inuisere,
495 1656 603 1720 omnia
625 1657 733 1720 audire
758 1658 790 1719 et
811 1654 1031 1738 undecumque

63 1741 254 1802 inuocatum.
273 1741 382 1803 statim
410 1739 498 1803 uelut
526 1762 643 1806 ituraea
670 1739 780 1804 adesse
807 1744 840 1804 et
867 1740 1029 1803 assistere!

63 1823 146 1889 talia
175 1845 243 1887 esse
269 1824 457 1889 crediderim
484 1846 565 1909 quae
588 1826 656 1909 ipse
679 1824 792 1889 mundi
813 1845 929 1907 parens
950 1826 1030 1888 tem-

62 1909 158 1990 perat
187 1910 282 1990 nutu,
322 1909 477 1993 siquando
509 1909 618 1974 oculos
645 1910 775 1974 demisit
806 1909 842 1972 in
870 1912 972 1972 terras
1000 1912 1032 1972 et
1045 1924 1070 1962 20

63 1992 134 2055 fata
155 1991 339 2056 mortalium
367 1994 452 2056 inter
473 1992 582 2057 diuina
609 2015 707 2078 opera
729 2014 897 2058 numerare
919 1993 1032 2076 digna·

59 2078 117 2139 tus
146 2079 212 2139 est:
254 2098 316 2160 qua
343 2098 429 2140 nunc
461 2081 552 2160 parte
580 2079 660 2142 liber
691 2079 877 2160 solutusque
904 2079 1032 2139 tantum

64 2160 156 2224 caelo
185 2164 293 2242 uacat,
321 2166 491 2246 postquam
512 2167 545 2225 te
567 2162 655 2226 dedit
677 2163 731 2259 qui
753 2183 831 2244 erga
860 2180 954 2223 omne
976 2159 1031 2220 ho·

64 2244 189 2307 minum
216 2266 319 2328 genus
350 2247 420 2310 uice
448 2267 505 2310 sua
533 2246 724 2329 fungerens.
774 2244 918 2326 fungeris
947 2242 1032 2304 enirn

63 2326 250 2410 sufficisque
277 2329 459 2413 mandanti,
496 2351 568 2393 cum
596 2329 657 2392 tibi
683 2329 750 2392 dies
778 2327 881 2390 omnis
907 2346 1031 2389 summa
1045 2341 1071 2381 ao

62 2434 138 2559 qum
167 2412 306 2477 utilitate
337 2418 461 2497 nostra,
496 2435 620 2477 summa
649 2434 721 2477 oum
749 2415 806 2476 tua
834 2409 928 2474 laude
959 2429 1032 2474 con-

88 2501 172 2560 atur.
203 2522 206 2527 ·

128 2579 276 2644 LXXXI.
321 2580 440 2658 Quodsi
463 2582 589 2665 quando
612 2604 683 2646 oum
705 2580 913 2646 influentibus
935 2599 1032 2663 nego-

62 2665 121 2728 tiis
144 2665 235 2748 paria
256 2664 378 2748 fecisti,
408 2667 509 2730 instar
534 2666 717 2731 refectionis
746 2665 909 2729 existimas
931 2669 1033 2727 muta·

68 2837 274 2847 ...—-—--..-

136 2942 149 2987 1
170 2940 314 2988 ciuitatum
331 2938 378 3001 Ml
395 2941 540 3004 praecibus
558 2942 591 2987 R:
616 2939 741 3004 presidiis
759 2940 786 2985 Μ
805 2940 810 2999 Ι
831 2936 949 2985 occurrit
967 2936 1000 2982 W
1019 2931 1031 2999 ΙΙ

65 3007 183 3071 tiquam
206 3023 252 3056 om.
270 3009 293 3054 B
324 3006 328 3070 Ι
361 3008 507 3057 clementia
531 3008 574 3056 cui
593 3010 615 3054 R
639 3006 793 3057 elementia.
821 3019 902 3068 quam
925 3010 955 3053 tu
979 3019 1035 3052 uon

66 3074 183 3124 Haustus
200 3076 268 3126 orire.
288 3075 347 3135 phil.
366 3075 400 3123 ΙΙ
419 3077 459 3122 19.
483 3073 493 3138 ΙΙ
515 3077 529 3123 'l
552 3079 582 3123 tu
601 3082 626 3124 et
644 3079 774 3139 operatus
791 3076 828 3122 rt:
853 3087 898 3121 om.
917 3072 944 3117 Μ
968 3068 978 3134 ΙΙ
1005 3073 1034 3120 10

63 3142 269 3191 existimatione
290 3144 326 3190 R:
354 3142 576 3191 extimationem
605 3139 615 3205 [Ι
646 3143 677 3190 11
700 3141 804 3191 sentias
827 3139 851 3185 B
869 3153 898 3202 g:
926 3143 1033 3187 seuten-

65 3209 122 3259 ties
140 3211 168 3256 Π
198 3208 203 3273 Ι
235 3223 350 3259 oneras
369 3209 419 3272 (ael
436 3207 529 3272 uerus)
548 3210 584 3256 R:
610 3223 708 3258 onere
727 3209 754 3254 1(
784 3206 793 3272 ΙΙ
828 3207 858 3254 12
881 3201 975 3270 atque]
994 3207 1036 3255 bic

67 3278 161 3326 desinit
179 3277 202 3324 B
223 3273 228 3339 Ι
253 3275 297 3325 dei
317 3292 397 3327 curas
415 3276 530 3326 Keiliua:
548 3275 662 3326 decoras
680 3277 713 3323 W
730 3274 839 3326 decoris
856 3273 876 3320 B
895 3274 912 3320 (t
930 3272 952 3318 V
970 3288 1036 3322 con-

66 3343 136 3394 sulis
156 3343 301 3394 Gatanaeur
318 3341 328 3408 ΙΙ
346 3347 378 3395 13
397 3349 589 3407 tumentesque
607 3345 627 3392 B
646 3345 692 3392 W:
713 3344 893 3407 timentesque
911 3340 928 3386 0
946 3337 990 3403 Vll
1004 3341 1035 3388 1⁵1

65 3410 144 3461 adire
161 3411 294 3461 Liuineius
317 3410 327 3477 l
354 3413 384 3461 18
402 3426 502 3461 numen
521 3412 581 3461 add.
599 3412 674 3463 edd:
693 3427 738 3461 om.
756 3413 784 3458 Π
802 3408 813 3474 ss
832 3411 866 3459 20
883 3411 986 3456 terram
1002 3407 1035 3458 W

67 3478 80 3544 ΙΙ
101 3481 134 3528 24
153 3479 275 3545 fungeris
295 3481 371 3544 sung.
389 3480 409 3527 B
427 3478 547 3544 fiuigens
566 3479 642 3543 fuug.
662 3492 686 3526 w
707 3475 717 3542 fl
739 3479 771 3527 29
789 3477 949 3526 imationem
968 3474 985 3518 0
