2294 3780
128 203 191 267 242
454 203 490 256 x.
520 202 667 255 unsrun
685 205 765 257 11111.

127 376 214 419 nunc
235 354 455 420 nobilissimus
479 353 600 417 ansar
621 353 796 417 uenerandi
816 353 936 436 patris,
961 352 1101 418 fratrum

128 461 318 523 suorumque
346 438 490 501 omnium
509 438 627 501 fruitur
654 441 785 521 aspectu
811 459 906 522 seque
927 438 1101 502 fruendum

128 524 276 588 omnibus
298 522 439 606 praebet.
486 522 583 585 cruda
611 520 713 585 adhuc
735 521 841 585 hieme
867 522 930 585 iter
952 522 1028 606 gelu
1049 522 1102 585 in·

128 607 304 689 tractabile,
326 607 519 670 immensum
535 605 647 688 spatio,
670 606 798 670 niuibus
820 605 974 670 infestum
997 607 1101 671 incre·

102 692 220 756 edibili
237 690 449 754 iuuenalitate
472 689 620 772 confecit,
644 692 681 753 ut
694 691 919 774 intellegamus
937 690 1103 754 alacritati

130 777 197 840 eius
219 775 301 838 nihil
323 795 471 857 asperum
494 775 547 857 qui
569 775 638 857 ipse
666 795 738 838 eam
760 796 855 857 quam
881 797 900 838 a
922 774 988 838 suis
1010 778 1102 857 pete-

128 861 186 924 bat
206 862 272 923 tam
294 859 484 922 laboriosam
509 858 686 922 instituerit
707 860 941 923 uolucritatem.

192 943 359 1008 XXXVII.
389 942 477 1018 Quae
493 946 593 1024 tuum,
616 943 829 1008 Constantine
847 944 995 1023 maxime,
1018 942 1102 1007 mite

128 1031 240 1112 pectus
262 1027 434 1091 inundauit
455 1027 642 1111 gratulatio,
671 1027 722 1090 cui
743 1030 835 1091 tanto
858 1027 1031 1091 interuallo
1052 1028 1102 1091 ui·

90 1136 116 1175 10
129 1114 203 1177 dere
224 1112 325 1175 filium
347 1112 439 1176 licuit
461 1114 493 1175 et
513 1111 622 1174 uidere
643 1110 823 1175 uictorem?
861 1111 1008 1177 narrauit
1031 1111 1102 1176 ubi-

128 1220 190 1282 que
213 1196 367 1260 exhausta
381 1195 475 1279 bella,
499 1199 532 1259 et
552 1195 614 1260 hoc
636 1196 676 1259 ad
691 1199 780 1260 tuam
797 1196 946 1281 gratiam,
969 1216 1037 1259 non
1060 1196 1104 1260 ad

129 1283 178 1347 sui
211 1281 477 1346 ostentationem:
515 1302 612 1363 quam
645 1280 739 1365 agilis
774 1280 961 1364 excipiendo
994 1280 1102 1364 hoste,

129 1389 225 1450 quam
247 1365 411 1430 resistenti
425 1364 609 1449 uehemens,
633 1387 729 1449 quam
742 1364 847 1429 facilis
863 1363 1100 1448 supplantanti.

130 1451 255 1514 audiuit
284 1450 364 1514 haec
396 1450 497 1512 frater
526 1451 670 1513 intentus
706 1453 738 1513 11
764 1449 922 1533 puerilem
957 1449 1103 1513 animum

93 1557 118 1597 rs
132 1557 204 1619 spes
226 1535 312 1597 laeta
335 1536 367 1598 11
388 1534 508 1597 blanda
529 1533 647 1618 gaudia
668 1533 855 1618 titillarunt3
885 1554 1020 1616 cumque
1042 1534 1102 1597 mi-

128 1622 254 1683 raretur
275 1618 419 1702 fratrem,
442 1619 538 1681 etiam
561 1619 623 1690 sibi
640 1617 725 1681 fauit
746 1618 831 1700 quod
854 1639 892 1681 ex
915 1618 1009 1681 annis
1033 1618 1103 1682 eius

129 1725 225 1787 quam
247 1703 410 1786 proximus
432 1705 542 1766 tantae
570 1703 691 1786 gloriae
718 1705 803 1766 11111
824 1702 966 1786 agnouit.
1011 1723 1102 1766 nunc

128 1791 172 1867 te,
196 1785 411 1850 Constantine
433 1787 580 1869 maxime,
603 1808 713 1850 omnes
734 1807 895 1871 rogamus,
920 1807 991 1850 cum
1008 1808 1101 1869 prae-

128 1872 254 1934 sentem
275 1869 470 1950 laudaueris,
501 1891 572 1932 cum
595 1870 660 1933 iam
688 1870 734 1934 rei
755 1870 904 1954 publicae
925 1870 1100 1955 flagitanti,

90 1974 116 2013 so
130 1975 202 2017 cum
225 1952 326 2017 Gallis
349 1953 603 2017 desiderantibus
625 1954 752 2038 reddes,
784 1955 901 2019 iterum
923 1957 1019 2038 atque
1042 1955 1103 2019 ite-

128 2060 200 2102 rum
232 2059 363 2102 moneas
398 2041 612 2102 reuertentem
646 2041 764 2124 (neque
800 2040 886 2104 enim
913 2039 1102 2123 persuaderi

127 2123 222 2187 facile
244 2126 366 2206 potest)
395 2126 447 2205 ut,
483 2124 509 2186 si
536 2122 663 2206 quando
693 2124 790 2187 armis
818 2124 934 2188 uestris
964 2126 1102 2188 contusa

129 2207 278 2271 barbaria
305 2207 424 2290 aliquid
445 2210 555 2271 tamen
580 2208 731 2289 mouerit,
759 2208 803 2272 sit
823 2208 878 2271 ille
900 2208 1026 2291 animo,
1057 2208 1101 2272 sit

130 2292 263 2356 consilio
285 2292 334 2355 tui
356 2291 485 2376 similis,
514 2294 672 2375 temperet
692 2292 787 2356 modo
810 2293 976 2375 dexterae,
998 2314 1102 2357 manu

91 2380 241 2459 asparcat
269 2378 301 2438 et
329 2376 371 2440 sit
398 2375 516 2458 aliquid
546 2397 735 2458 quaesumus
768 2379 803 2440 in
854 2398 894 2441 uo
921 2379 954 2440 11
982 2377 1101 2441 iterum

129 2460 211 2522 nolit
237 2460 368 2522 imitari.
413 2462 445 2522 11
472 2480 563 2538 uero,
594 2460 807 2525 Constantine
832 2398 968 2543 iiaesar,
996 2461 1101 2526 incre·

128 2549 272 2605 mentum
299 2543 474 2606 maximum
501 2543 578 2607 boni
605 2544 741 2628 publici,
773 2545 888 2628 quibus
917 2545 1001 2608 uotis
1032 2566 1100 2609 am·

719 2785 734 2833 5
752 2783 936 2834 iuuenalitate
954 2783 1101 2833 1111111111-

198 2713 462 2763 11111111.Β11·1.
487 2712 492 2776 Ι
521 2714 600 2764 uerba
619 2717 665 2779 qui
683 2715 790 2846 puidam
808 2731 930 2767 nunc-
949 2719 965 2769 3
983 2718 1103 2780 praebes

128 2784 155 2833 ia
169 2783 245 2844 finem
262 2782 334 2831 111111
352 2783 444 2845 cupitis
463 2785 662 2845 transposuerim

128 2853 188 2900 1111
206 2851 318 2900 teatcui:
338 2848 509 2898 liberalitate
528 2850 555 2897 1
573 2849 716 2900 celeritate
733 2865 759 2898 w
784 2849 788 2916 1
815 2851 956 2902 alacritati
974 2852 1035 2901 eius
1054 2850 1101 2917 (aa

128 2917 239 2982 11111111)
258 2919 405 2967 Liuineius.-
425 2915 619 2967 alacritatibus
637 2919 665 2964 K
683 2917 825 2967 alacritati
842 2932 867 2966 w
890 2915 901 2983 ss
925 2919 941 2967 6
958 2918 1018 2983 ipse
1037 2934 1101 2968 eam

130 2999 190 3048 epo:
207 2985 296 3047 ipsam
314 2986 342 3031 1
358 2985 417 3046 ipse
435 2985 565 3034 Puteanus
589 2982 599 3049 ΙΙ
625 2987 639 3035 7
657 2985 852 3035 uolucritatem
869 2987 980 3049 scripsi:
999 2985 1100 3035 uolun-

128 3054 213 3099 tatem
230 3053 257 3098 Π
275 3051 409 3100 institerit
427 3051 600 3115 uoluptatem
618 3053 750 3103 Liuineius
776 3051 786 3118 11
816 3056 848 3104 10
865 3054 966 3118 ubique
984 3052 1100 3119 Eyssen·

128 3119 250 3167 turritus:
276 3120 371 3181 utique
395 3119 421 3166 Ι
451 3116 461 3182 ΙΙ
492 3121 521 3167 11
546 3124 620 3169 tuam
643 3118 775 3184 siqonius:
803 3135 879 3170 suam
900 3121 928 3166 K
950 3120 994 3170 sui
1012 3120 1100 3184 cerr,

129 3187 194 3234 unde
213 3184 255 3233 tui
273 3186 357 3234 Liuia.
388 3183 397 3250 11
428 3189 558 3251 12111111
580 3186 661 3251 agilis
682 3184 734 3250 (uel
751 3184 857 3253 grauis)
875 3189 984 3252 scripsi:
1008 3188 1101 3253 qualis

128 3254 156 3300 ΒῙ
174 3266 256 3316 quam
273 3252 383 3301 ualidus
400 3253 610 3318 Eyssenhardtus
630 3252 634 3316 Ι
653 3254 727 3305 hosti
746 3256 872 3319 Jaeperus
896 3252 906 3319 ss
937 3257 968 3305 13
988 3257 1100 3321 suppli·

129 3321 201 3370 tanti
218 3320 252 3367 A:
273 3319 441 3384 supplicanti
458 3322 479 3369 Β
497 3322 514 3370 0
532 3323 554 3369 V
572 3322 605 3368 W
635 3319 639 3385 Ι
664 3325 695 3373 15
713 3323 863 3373 titularuut
879 3323 912 3370 W
942 3321 952 3387 ΙΙ
984 3325 1016 3373 17
1033 3338 1100 3374 num

128 3387 152 3436 A
168 3389 188 3436 B
206 3387 228 3433 V
257 3384 267 3451 ΙΙ
296 3389 330 3437 20
349 3387 446 3438 Galliis
465 3389 600 3439 Acidalius
634 3388 639 3454 Ι
667 3392 701 3439 24
719 3390 853 3440 dextrali
871 3391 889 3437 0
907 3391 929 3437 V
949 3392 954 3454 Ι
974 3406 1059 3442 manu
1076 3391 1099 3437 A

128 3455 217 3505 Bert:
235 3455 327 3504 manui
344 3456 365 3503 Β
383 3457 400 3503 0
418 3456 440 3502 V
457 3457 490 3503 W
514 3454 524 3522 ΙΙ
553 3456 1098 3523 251111111111111111111111111111)

29 3580 33 3585 Ι
130 3519 134 3588 Ι
155 3527 182 3572 11
200 3522 309 3573 interim
327 3524 461 3575 Acidaliae
894 3540 897 3545 '
