2294 3780
267 123 523 177 CONSTANTINO
542 123 712 178 AUGUSTO
731 127 764 176 D.
786 129 892 178 10-13.
1003 125 1064 190 169

93 272 273 338 terribilem
295 273 467 358 aliquando
482 275 585 359 ripam
607 275 750 339 inermus
771 275 922 361 agricola,
945 279 978 340 et
993 281 1063 341 toto

92 358 199 422 nostri
220 379 337 444 greges
355 359 475 423 bicorni
498 380 592 423 amne
612 363 802 424 mersantur.
826 359 906 424 haec
928 365 976 425 est
994 364 1062 445 tua,

94 441 325 523 Constantine,
353 443 394 507 de
415 445 559 509 Ascarioi
580 444 773 529 Regaisique
799 445 956 529 supplicio
981 447 1064 510 coti-

94 527 193 592 diana
221 531 316 612 atque
344 531 476 593 aeterna
501 529 636 592 uictoria
665 530 814 593 omnibus
836 531 996 614 quondam
1017 552 1064 594 se-

95 612 209 677 cundis
238 612 370 696 proeliis
403 613 639 696 anteponenda.
690 614 788 678 semel
816 615 884 679 acie
912 615 1091 699 uincitur‚s

95 696 166 761 sine
197 697 263 760 fine
295 702 339 762 est
371 697 570 762 documento.
624 698 746 763 cladem
779 721 882 778 suam,
918 700 1064 784 quamuis

95 780 191 846 multi
212 785 362 864 pereant,
385 783 502 867 uulgus
524 784 673 868 ignorat:
698 785 921 867 compendium
944 789 992 849 est
1014 784 1065 849 de·

95 865 330 930 uincendorum
352 866 495 931 hostium
517 867 613 932 duces
636 868 812 933 sustulisse.

160 948 234 1014 XII.
278 948 326 1015 Ut
345 954 454 1016 tamen
476 952 624 1016 omnibus
651 952 753 1016 modis
776 953 985 1017 barbarorum
1007 954 1065 1017 im·

95 1034 238 1099 manitas
258 1034 465 1121 frangeretur
492 1057 552 1100 nec
575 1037 643 1101 sols
664 1035 771 1100 hostes
799 1058 912 1122 regum
937 1056 1105 1102 suorum1o

96 1119 257 1203 supplicia
278 1124 468 1203 maererent,
492 1121 589 1184 etiam
611 1121 755 1185 immissa
776 1120 939 1185 Bructeris
960 1125 1065 1186 uasta·

96 1203 189 1268 tione
211 1203 332 1287 fecisti,
354 1206 529 1288 imperator
551 1204 680 1269 inuicte.
725 1206 759 1268 in
782 1226 844 1289 quo
866 1206 970 1289 prima
993 1227 1066 1269 con·

97 1288 164 1352 silii
184 1289 233 1352 tui
255 1288 319 1352 fuit
339 1289 422 1353 ratio
445 1289 528 1373 quod
551 1290 692 1353 exercitu
713 1293 845 1376 repente
862 1290 996 1352 traiecto
1018 1291 1066 1352 in-

97 1372 418 1522 ltl'dltllll
435 1373 1106 1522 scaturritstulius1,

123 1479 257 1626 eriugiii
278 1479 487 1607 siluarmigit
501 1541 654 1627 paludum
669 1508 788 1607 bellum
812 1543 906 1606 solita
919 1541 1068 1607 frustrari

98 1563 199 1710 ingae
220 1629 347 1710 tempus
370 1628 540 1691 amitteret.
580 1627 665 1692 caesi
686 1627 786 1713 igitur
808 1627 1067 1709 innumerabiles,

100 1711 189 1794 capti
216 1711 361 1795 plurimi,
398 1712 549 1796 quicquid
583 1712 646 1776 fuit
675 1713 816 1796 pecoris,
854 1715 981 1795 raptum
1012 1714 1068 1775 aut

100 1793 296 1859 trucidatum
319 1799 381 1881 est;
404 1796 468 1861 uici
487 1818 597 1861 omnes
619 1798 695 1881 igne
711 1798 909 1881 consumpti3
954 1796 1068 1861 uberes

100 1880 155 1963 qui
182 1879 217 1943 in
244 1901 358 1944 manus
386 1885 558 1964 uenerunt,
592 1902 726 1964 quorum
755 1902 814 1946 nec
839 1881 918 1965 perfi
941 1881 973 1945 ia
1000 1884 1107 1946 eratao

100 1967 178 2047 apta
198 1963 334 2029 militiae
355 1986 415 2029 nec
431 1966 550 2031 ferocia
570 1967 728 2046 seruituti,
750 1965 791 2030 ad
806 1987 924 2049 poenas
947 1969 1069 2049 specta-

101 2048 175 2113 culo
200 2049 266 2112 dati
296 2050 474 2114 saeuientes
496 2049 614 2114 bestias
642 2050 847 2114 multitudine
875 2071 932 2113 sua
953 2050 1068 2134 fatiga-

100 2137 190 2198 runt.
235 2131 298 2198 hoc
321 2137 384 2216 est,
413 2134 603 2218 imperator,
633 2133 752 2197 fretum
774 2155 843 2198 esse
871 2135 988 2197 uirtute
1011 2155 1069 2197 sua

102 2216 365 2365 siguefprtuna,
395 2218 457 2283 hoe
479 2223 527 2283 est
548 2240 614 2282 non
636 2239 747 2365 preceps
770 2238 874 2282 emere
896 2216 1066 2300 parcendo,
1082 2318 1108 2358 ²5

103 2323 137 2366 se
166 2322 536 2471 ffiprppsplpgpapppp
549 2322 783 2472 Iitrgoiiiiiraiiieiisi
805 2388 904 2468 ponte
918 2382 1069 2448 faciundo

102 2469 246 2553 reliquiis
269 2470 407 2536 afflictae
428 2473 536 2556 gentis
557 2472 709 2554 insultas,
731 2491 772 2534 ne
793 2491 944 2553 umquam
966 2471 1070 2532 metus

102 2557 214 2638 ponat,
239 2575 365 2639 semper
378 2557 518 2641 horreat,
543 2577 668 2640 semper
690 2555 849 2640 supplices
870 2576 984 2618 manus
1001 2557 1070 2617 ten-

103 2639 175 2718 dat,
204 2660 277 2704 cum
303 2648 414 2705 tamen
441 2640 503 2705 hoc
525 2643 560 2705 tu
585 2640 690 2725 magis
717 2641 757 2704 ad
780 2641 917 2726 gloriam
944 2639 1070 2723 imperii

103 2723 152 2787 tui
180 2726 213 2787 et
240 2729 389 2790 ornatum
417 2725 529 2789 limitis
556 2725 658 2790 facias
686 2746 780 2807 quam
809 2724 849 2788 ad
870 2723 1069 2806 facultatem,
1083 2739 1110 2779 ⁸0

173 2916 188 2962 1
205 2915 319 2965 inermis
335 2915 355 2962 B
375 2915 391 2963 0
410 2916 431 2962 V
449 2915 481 2963 W
504 2913 514 2979 ΙΙ
538 2917 553 2965 2
571 2914 677 2964 bicorni
695 2929 773 2964 amne
791 2914 899 2976 scripsi:
917 2911 1028 2961 bicorne
1044 2911 1072 2958 Π

104 2979 216 3031 flumine
233 2982 340 3033 bicorni
359 2983 416 3032 edd.
439 2981 449 3046 ΙΙ
478 2986 495 3033 3
513 2982 545 3032 de
562 2982 687 3033 Ascarici
703 2981 871 3046 Regaisique
889 2980 1019 3044 Longius:
1037 2978 1071 3029 de

104 3050 215 3100 asaosri
232 3047 296 3116 (dea
314 3050 406 3101 sacari
419 3048 452 3112 A)
472 3051 572 3102 oimero
592 3047 704 3113 (cunero
716 3050 749 3096 W
768 3049 858 3098 cinere
874 3047 894 3096 B
908 3048 924 3096 0
937 3045 969 3110 V)
987 3047 1072 3110 gaisi-

106 3130 158 3180 qne
168 3117 196 3164 A!
213 3115 224 3182 l
240 3120 256 3169 6
274 3121 288 3168 e
300 3119 404 3168 addidi:
421 3133 468 3168 om.
481 3120 508 3167 ll
521 3118 582 3169 sine
595 3116 648 3167 fine
659 3117 850 3167 documentum
863 3115 1072 3179 Eyssenhardtus

104 3181 113 3247 {l
131 3185 162 3233 11
180 3186 263 3235 malim
279 3186 402 3235 immissa
419 3186 501 3235 etiam
518 3183 657 3249 lbrutcris
674 3186 698 3233 A
718 3182 729 3250 ΙΙ
750 3186 783 3234 14
801 3199 832 3234 es
848 3196 886 3231 w:
909 3188 952 3233 est
968 3183 995 3230 u
1012 3179 1023 3246 ΙΙ
1041 3183 1073 3232 lt

103 3249 165 3318 ills]
185 3252 227 3302 ita
244 3250 290 3319 All
308 3255 340 3304 lo
357 3252 498 3318 paludium
515 3253 538 3300 A
550 3249 561 3318 ΙΙ
579 3254 611 3304 18
629 3252 715 3303 luerit
731 3254 755 3301 A
766 3253 816 3300 Bc
832 3251 837 3314 Ι
852 3255 961 3314 raptum
979 3251 1076 3312 scripsi

104 3319 122 3373 1.
141 3322 160 3373 l.
177 3336 207 3385 p.
223 3323 290 3372 219:
308 3326 421 3388 captum
437 3321 465 3368 Π
492 3317 504 3387 ll
533 3322 564 3369 21
583 3334 637 3372 neo
651 3321 675 3368 A
691 3318 737 3368 W:
757 3335 791 3369 ne
809 3318 829 3367 B
848 3321 866 3366 c
883 3320 906 3365 V
929 3317 934 3382 Ι
957 3313 1071 3381 ferocia]

104 3384 223 3439 fortiora
240 3389 273 3437 W
289 3384 299 3454 fl
315 3390 350 3439 ‘26
367 3387 535 3455 agripinensi
550 3391 574 3438 A
585 3387 618 3436 W
636 3385 787 3454 agripiensi
804 3386 825 3435 B
838 3385 859 3432 V
878 3383 1085 3448 agrippinensis,

104 3451 115 3520 ll
131 3456 164 3508 Ἡ
183 3456 304 3522 reliqniis
323 3470 360 3505 w:
381 3458 497 3524 reliquis
513 3455 680 3526 limatum
696 3470 722 3506 rr
