2294 3780
217 156 433 209 GRATIARUM
451 156 561 208 ACTIO
580 155 745 209 IULIANO.
768 159 876 208 17-19.
968 155 1032 221 259

63 326 124 388 quc
152 326 264 369 omnes
296 305 331 368 in
359 306 494 369 emendo
522 305 666 369 uidemus
694 305 886 389 repensandi
914 305 1032 370 fiducia

62 410 182 474 magno
205 392 372 473 erectoque
400 391 507 453 animo
529 411 640 453 aurum
668 394 899 474 argent-umque
921 391 1031 473 depru-

62 495 166 557 mere,
200 495 254 538 eos
283 494 358 538 uero
387 474 442 557 qui
469 496 578 556 preces
607 474 744 559 alligant
773 474 907 538 humiles
935 480 1031 557 atque

63 558 218 624 demissos
254 558 309 622 uix
342 558 565 624 cunctabunda
599 564 693 643 atque
724 559 899 623 titubantia
933 560 1031 623 uerba

62 643 207 726 proferro
228 663 332 726 neque
354 643 457 706 solum
480 643 655 707 orationem
676 643 849 726 inclinare,
878 644 933 706 sed
954 644 1057 708 totiss

65 727 249 811 corporibus
271 728 307 790 in
351 747 433 791 anua
454 728 622 791 summitti.
651 749 791 810 prorsus,
815 733 851 791 ut
873 750 911 792 ex
934 730 1032 793 animi

63 814 126 876 mei
149 812 309 876 sententia
327 748 450 895 loquar,
474 812 612 875 maximo
636 811 746 876 uendit
766 813 955 877 beneficium
978 814 1032 897 qui

63 917 175 981 preces
197 896 323 979 accipit.

133 978 221 1045 XIX.
271 982 325 1044 An
352 1001 445 1064 uero,
479 981 506 1044 si
534 981 721 1044 centuriatis
755 982 891 1044 comitiis
919 982 1031 1045 consul

64 1069 189 1129 creatus
211 1085 327 1144 essem,
359 1065 530 1149 gloriosius
557 1064 636 1129 mihi
663 1066 807 1128 uniuersi
828 1066 939 1148 populi
967 1066 1030 1129 suf·
1046 1090 1070 1127 ιο

63 1148 178 1234 fragiis
199 1148 378 1213 declaratus
401 1148 548 1213 uiderer?
586 1150 733 1231 minime,
757 1149 913 1232 siquidem
935 1151 1032 1213 etiam

63 1233 128 1298 illis
143 1233 258 1318 priscis
272 1234 469 1317 temporibus
489 1234 662 1297 multorum
680 1233 804 1297 ambitu
818 1233 882 1296 fuit
901 1254 1032 1316 campus

64 1318 205 1382 infamis.
249 1321 329 1383 nota
356 1318 532 1382 diuisorum
559 1318 683 1402 flagitia
689 1366 699 1400 ‚
731 1320 829 1381 notae
857 1317 1033 1380 loculorum

63 1403 274 1487 praestigiae,
311 1406 381 1467 tum
414 1423 582 1487 operarum
616 1402 656 1465 ad
684 1402 749 1465 uim
783 1405 816 1465 et
844 1401 1032 1465 seditionem

62 1508 180 1551 manus
202 1509 250 1550 ern
275 1491 338 1552 tae.
383 1508 443 1551 nec
466 1508 543 1551 sano
565 1490 673 1570 potest
694 1487 729 1550 in
752 1485 884 1549 confusa
907 1486 1032 1569 imperi·
1046 1508 1071 1549 1⁵

63 1575 172 1635 torum
195 1510 400 1635 multitudine
422 1572 589 1655 quicquam
619 1593 687 1635 esse
709 1592 912 1653 perpensum.
957 1593 1033 1633 nam

65 1678 139 1721 curn
161 1656 237 1719 boni
258 1657 324 1719 rari
347 1655 428 1738 sint,
453 1655 670 1739 improborum
692 1655 809 1739 uulgus
832 1656 1033 1738 immensum,

63 1742 102 1805 in
123 1760 237 1823 campo
260 1744 367 1804 autem
389 1761 540 1804 numerus
563 1744 597 1803 et
618 1740 712 1803 turba
730 1739 941 1823 praepolleat:
965 1740 1034 1803 sino

64 1824 163 1889 dubio
184 1825 383 1908 intellegitur
405 1845 477 1888 eum
500 1825 660 1909 suffragiis
675 1825 787 1910 populi
809 1824 1033 1909 magistratum

65 1929 180 1992 capere
202 1929 296 1992 quem
310 1909 428 1992 plures,
452 1908 485 1972 id
507 1912 565 1991 est,
588 1932 683 1993 quem
702 1910 827 1993 peiores
846 1910 1032 1993 probarunt.
1047 1932 1073 1971 io

65 1993 151 2057 unde
165 1993 286 2057 lactum
309 1997 358 2057 est
379 1997 416 2057 ut
436 1993 571 2057 maiores
592 1994 695 2057 nostri
718 1994 865 2057 uiderent
880 1993 1034 2059 Gabinius

66 2076 252 2162 designatos
280 2080 312 2142 et
332 2077 482 2161 repulsos
510 2076 656 2142 Catones.
703 2078 758 2140 sed
787 2076 865 2139 haee
894 2079 1033 2159 uetusta3

65 2162 174 2226 taedet
206 2162 364 2225 recordari
398 2161 661 2245 quamadmodum
696 2161 791 2244 paulo
825 2162 900 2222 ante
930 2158 1035 2222 honor

64 2246 187 2330 petitus
213 2247 266 2310 sit.
311 2246 365 2309 uix
386 2247 481 2329 pauci
509 2245 683 2310 extiterunt
705 2265 840 2328 quorum
862 2243 1035 2307 uirtutibus

67 2329 261 2412 deferretur,
291 2351 362 2394 cum
391 2331 518 2414 quidem
548 2329 625 2413 ipsis
653 2328 717 2392 illis
739 2326 833 2392 tarda
860 2327 1035 2390 industriae
1048 2346 1074 2387 rs

67 2436 105 2478 ac
126 2415 298 2498 probitatis
323 2436 445 2480 meroes
466 2415 599 2479 ueniret.
644 2414 741 2478 ceteri
763 2432 839 2476 uero
862 2411 1035 2494 perditissi-

66 2520 156 2563 mum
170 2520 326 2583 quemque
347 2520 386 2562 ex
402 2499 513 2562 aulicis
532 2498 789 2582 frequentabant.
813 2495 861 2559 uti
876 2496 1036 2580 quispiam

90 2605 125 2648 er
147 2588 233 2648 ames
254 2583 456 2667 turpissimas
482 2583 666 2666 imperatori
689 2581 926 2665 acceptissimus
950 2581 1035 2645 uide-

66 2606 179 2750 batur,
205 2689 277 2732 eum
299 2667 434 2731 assiduis
456 2667 616 2750 obsequiis
639 2669 861 2731 emerebantur
884 2667 1036 2748 donisque

68 2752 252 2836 captabant.
295 2774 356 2817 nec
383 2754 469 2817 uiros
497 2752 641 2835 quidam,
671 2752 726 2815 sed
755 2750 957 2815 mulierculas
985 2771 1036 2814 ex·
1049 2770 1075 2811 ao

68 2836 252 2918 ambibant3
285 2858 345 2901 nec
367 2836 504 2900 feminas
526 2839 667 2916 tantum,
695 2837 750 2899 sed
779 2835 933 2917 spadones
961 2854 1035 2916 quo-

68 2992 225 3000 ·——-.--—--.
241 2993 247 2999 .
267 2993 271 2997 -

137 3078 153 3124 Β
171 3079 313 3141 erectoque
332 3077 352 3124 Β
370 3076 392 3122 V
408 3076 497 3126 Bert:
525 3084 616 3126 erecto
634 3075 657 3122 A
675 3077 707 3123 W
732 3077 837 3124 certato
856 3075 873 3121 0
906 3071 916 3136 ΙΙ
943 3068 965 3134 ll
983 3074 1039 3125 mei

68 3145 91 3191 A
109 3142 198 3196 Bert:
217 3159 263 3195 om.
283 3145 302 3192 Β
321 3144 338 3192 0
356 3143 377 3191 V
395 3145 427 3191 W
446 3142 451 3207 1
470 3140 576 3206 uendit]
596 3143 644 3191 dat
662 3156 686 3191 w
710 3140 720 3205 ΙΙ
746 3144 777 3192 la
796 3141 965 3192 diuersorum
984 3143 1012 3190 Η
1031 3140 1034 3203 l

69 3210 221 3261 loculorum
238 3209 383 3261 Liuineius:
405 3209 557 3260 luoulorum
573 3212 601 3259 Η
628 3206 638 3275 ΙΙ
668 3212 700 3259 14
719 3209 850 3274 prestigia
869 3210 888 3257 Β
906 3226 936 3259 m.
954 3212 971 3258 2
989 3209 1036 3258 W=

68 3277 209 3343 prestagie
225 3279 248 3325 A
265 3279 285 3326 Β
304 3295 334 3329 ru.
353 3281 367 3326 1
387 3280 404 3327 0
423 3278 444 3324 V
464 3275 475 3341 ΙΙ
497 3280 529 3328 15
547 3279 743 3342 imperatorum
760 3278 783 3324 A
805 3276 815 3341 11
837 3279 868 3327 ‘21
889 3272 1036 3341 Gabinios]

68 3346 198 3397 Uatinios
216 3346 348 3396 Liuineius
366 3344 376 3410 ΙΙ
397 3348 430 3395 ‘23
449 3345 545 3395 taedet
563 3344 614 3408 (uel
631 3343 725 3408 pudet)
743 3345 851 3407 scripsi:
870 3343 914 3392 det
931 3344 954 3390 A
972 3342 1039 3391 dent

69 3415 120 3465 BG
132 3416 155 3462 V
167 3426 192 3462 w
206 3414 211 3476 Ι
226 3415 307 3463 marm
326 3418 391 3463 ante
411 3418 437 3463 to
459 3409 470 3477 ll
490 3414 523 3463 25
542 3409 662 3477 quidem]
683 3411 747 3476 quid
765 3413 788 3459 A
805 3408 815 3476 ΙΙ
836 3412 868 3460 si
887 3410 1001 3475 quisquo
1020 3410 1039 3457 o

69 3484 79 3541 i
99 3484 133 3532 29
150 3481 363 3533 demutabuntur
380 3481 562 3531 Bilterstusius
585 3477 595 3543 ΙΙ
620 3482 653 3531 30
671 3477 776 3543 quidem
794 3480 831 3541 1,
850 3479 955 3527 correxi
1022 3500 1030 3511 ·

841 3557 895 3609 m*
