2294 3780
428 133 586 185 TRAIANO
606 134 640 186 D.
660 136 734 185 6-8.
1044 132 1062 196 7

95 285 210 347 horum
238 304 447 367 curarumque
469 282 673 360 consortium,
703 304 762 346 nec
791 285 823 346 te
849 304 1002 366 prospera
1030 287 1063 347 et

88 369 182 431 laeta
206 368 355 431 stationis
377 368 470 431 istius
492 366 547 431 sed
570 389 681 449 aspere
696 371 728 431 et
738 367 818 430 dura
840 367 879 430 ad
895 389 1062 450 capessen-

93 453 261 516 dameam
290 453 526 535 compulerunt:
561 452 729 534 suscepisti
765 452 943 535 imperium,
975 456 1062 534 pest-

92 559 191 620 quam
215 536 312 600 alium
335 539 474 618 suscepti
495 536 689 619 paenitebat.
720 537 810 600 nulla
826 536 966 619 adoptati
988 557 1061 600 cum

93 643 133 685 eo
161 621 217 704 qui
247 622 420 704 adoptabat
449 621 609 706 cognatm,
639 620 728 684 nulla
755 621 968 702 necessitudo,
998 622 1087 685 nisi⁵

91 708 179 790 qnod
208 709 340 788 uterque
368 705 509 788 optimus
545 708 615 768 erat
648 705 826 790 dignusque
860 706 940 769 alter
974 706 1060 790 eligi,

88 791 177 854 alter
211 789 337 874 eligere.
387 792 497 874 itaque
524 789 695 871 adoptatus
730 811 763 853 es
797 811 875 870 non,
910 793 947 853 ut
972 792 1061 872 prius

89 875 178 938 alius
207 877 303 958 atque
331 873 420 956 alius,
448 877 483 938 iu
511 875 651 958 gratiam
674 876 788 938 uxoris.
819 873 954 937 adsciuit
976 875 1061 938 enim

93 962 127 1022 te
150 958 251 1022 filium
274 979 340 1021 non
355 959 488 1022 uitricus
508 959 563 1021 sed
585 959 744 1041 princeps,
766 958 939 1042 eodemque
955 961 1062 1023 animo

85 1042 189 1107 diuus
211 1042 319 1106 Nerua
340 1047 433 1124 pater
453 1050 527 1106 tuus
546 1042 651 1106 factus
674 1048 723 1106 est
744 1064 806 1127 quc
828 1045 1101 1108 eratomnium.10

93 1149 156 1192 nec
178 1127 269 1190 decet
290 1127 382 1190 aliter
403 1127 504 1191 filium
527 1126 659 1207 adsumi,
683 1128 710 1190 si
733 1129 915 1191 adsumatur
936 1149 954 1191 a
976 1130 1060 1211 prin·

94 1213 177 1295 cipe.
208 1232 250 1274 an
272 1215 421 1275 senatum
442 1211 659 1295 populumque
675 1210 866 1293 Romanum,
891 1213 1059 1293 exercitus,

86 1296 289 1379 prouincias,
323 1296 425 1359 socios
452 1296 698 1359 transmissurus
725 1297 782 1358 uni
808 1316 1021 1358 successorem
1044 1318 1061 1358 e

96 1381 170 1444 sinn
196 1380 305 1443 uxoris
328 1380 465 1464 accipias
495 1400 699 1462 summaeque
721 1379 890 1462 potestatis
912 1378 1061 1443 heredem

84 1468 224 1528 *tantum
245 1464 333 1528 intra
355 1464 483 1528 domum
506 1468 595 1528 tuam
611 1463 767 1546 quaeras?
798 1485 864 1527 non
886 1465 988 1527 totam
1003 1486 1061 1547 per
1074 1477 1099 1518 1⁵

96 1549 261 1613 ciuitatem
283 1550 486 1613 circumferas
508 1549 617 1612 ocules
639 1550 672 1612 et
686 1546 773 1612 hunc
794 1548 855 1612 tibi
869 1548 1060 1632 proximum,

94 1634 183 1699 hunc
195 1634 490 1698 coniunctissimum
503 1632 665 1696 existimes
682 1654 775 1716 quem
787 1634 955 1716 optimum,
967 1655 1062 1716 quem

93 1717 145 1782 dis
168 1718 365 1782 simillimum
387 1716 572 1781 inueneris?
604 1718 816 1799 imperaturus
839 1719 984 1780 omuibus
1008 1718 1062 1781 eli-

93 1803 130 1886 gi
153 1802 248 1866 debet
269 1825 307 1866 ex
329 1802 493 1866 omnibus:
522 1822 586 1865 non
610 1803 695 1866 euim
717 1802 853 1866 seruulis
875 1802 939 1865 tuis
962 1801 1062 1865 domi-

94 1908 185 1969 nnm,
225 1890 261 1950 ut
297 1887 401 1970 possis
441 1908 509 1950 esse
543 1889 712 1950 contentus
750 1887 841 1971 quasi
881 1887 1060 1951 necessario
1074 1901 1100 1939 2⁰

94 1970 222 2052 herede,
247 1971 303 2035 sed
325 1971 503 2054 principem
526 1971 647 2034 ciuibus
669 1971 799 2035 daturus
822 1993 855 2035 es
877 1972 1061 2054 imperator.

94 2055 268 2140 superbum
296 2056 381 2120 istud
409 2061 441 2118 et
467 2055 600 2140 regium,
632 2057 696 2118 nisi
719 2055 850 2139 adoptes
873 2078 945 2119 eum
968 2077 1061 2140 quem

95 2143 225 2204 constet
245 2141 476 2222 imperaturum
498 2140 607 2222 fuisse,
632 2140 840 2204 etiamsinon
867 2139 1060 2222 adoptasses.

92 2223 256 2289 fecithoc
279 2224 397 2307 Nerua,
421 2224 504 2287 nihil
529 2225 683 2288 interesse
710 2224 884 2287 arbitratus
912 2224 1061 2306 genueris

95 2331 138 2372 an
161 2309 306 2393 elegeris,
330 2310 357 2373 si
378 2309 512 2392 perinde
527 2309 596 2370 sine
618 2307 735 2370 iudicio
754 2306 947 2389 adoptentur
969 2306 1060 2371 liberi
1074 2320 1099 2360 2⁵

95 2414 135 2457 ac
150 2396 339 2476 nascuntur3
363 2393 427 2457 nisi
439 2392 523 2476 quod
544 2395 652 2455 tamen
668 2390 813 2474 aequicr'e
831 2391 937 2454 animo
951 2390 1062 2455 ferunt

94 2478 242 2541 homines
258 2499 351 2560 quem
373 2479 522 2561 princeps
545 2498 660 2560 parum
681 2476 820 2540 feliciter
841 2475 1061 2564 genuitquam

93 2583 190 2644 quem
212 2564 295 2625 male
318 2563 424 2647 elegit.

149 2645 239 2710 VIII.
266 2645 382 2710 Sedulo
395 2667 470 2731 ergo
482 2646 597 2710 uitauit
611 2645 697 2709 hunc
710 2667 817 2710 casum
832 2666 892 2708 nec
907 2644 1000 2707 modo
1015 2645 1061 2708 iu-

92 2729 216 2794 dicium
236 2730 402 2794 hominum
426 2729 481 2794 sed
503 2730 632 2794 deorum
656 2731 752 2793 etiam
774 2731 809 2793 in
824 2729 993 2793 consilium
1009 2728 1060 2792 ad·
1074 2724 1101 2783 8'0

166 2923 179 2966 1
199 2918 276 2968 laeta
295 2923 323 2968 et
342 2920 509 2983 prosperat}
533 2916 543 2982 11
567 2920 714 2983 (Interque
738 2917 859 2982 optimus
880 2943 913 2953 -
932 2919 994 2980 8,‘24
1021 2922 1062 2968 tu·

97 2985 202 3035 inultus
220 2986 320 3036 suisset
338 2987 413 3036 dubet
430 2988 453 3035 Β
476 2984 486 3050 1
511 2986 584 3049 clegi
602 2993 627 3035 et
645 2985 754 3050 elegere
774 2987 797 3034 Β
820 2982 831 3049 1
854 2988 869 3035 7
890 2989 932 3035 est
949 2987 972 3034 Β
996 2983 1006 3049 11
1031 2987 1060 3034 11

96 3050 132 3117 si]
159 3054 212 3103 nisi
234 3056 257 3103 Β
280 3051 290 3117 11
321 3056 351 3104 13
379 3055 471 3103 secius
494 3055 669 3104 tramissurus
691 3054 774 3103 unius
797 3057 952 3103 successere
984 3052 988 3115 Ι
1020 3069 1062 3102 me

91 3121 159 3169 sinu
177 3123 200 3170 Β
223 3119 233 3186 11
257 3124 289 3170 15
307 3125 394 3170 tetam
412 3137 462 3184 per
480 3124 514 3171 B:
533 3137 581 3186 per
599 3126 684 3172 totam
703 3121 731 3168 Π
748 3117 758 3184 11
779 3123 811 3171 17
830 3122 945 3170 estimes
963 3123 986 3168 Β
1003 3118 1013 3184 11
1031 3123 1062 3170 18

95 3187 140 3238 dis
159 3186 239 3253 sim..]
261 3188 449 3253 dignissimum
463 3191 486 3238 Β
498 3186 508 3253 11
520 3191 553 3239 20
565 3204 660 3252 posses
677 3190 700 3237 Β
712 3186 722 3253 11
735 3191 764 3236 ‘21
786 3204 816 3238 es
828 3190 974 3240 Liuineius:
994 3197 1020 3237 et
1032 3189 1063 3246 B,

94 3271 143 3306 orn.
162 3252 265 3319 161122
283 3258 353 3306 istut
370 3260 398 3305 et
416 3258 521 3321 regium
541 3262 583 3306 est
601 3259 624 3306 Β
641 3254 650 3320 11
668 3259 701 3305 ‘24
719 3257 870 3304 arbitratus
889 3257 1026 3305 interesse
1045 3256 1062 3302 0

96 3321 100 3386 1
123 3325 252 3387 genuerit
269 3326 292 3373 Β
315 3325 443 3388 genuerit
466 3339 501 3372 an
521 3323 640 3388 elegerit
659 3324 676 3370 0
706 3321 715 3386 11
745 3325 777 3371 26
801 3324 856 3372 nisi
877 3329 971 3372 tamen
990 3321 1062 3385 quod

93 3391 127 3450 03
146 3395 238 3439 tamen
256 3407 303 3444 orn.
322 3389 412 3456 Β1127
432 3391 571 3455 principes
589 3393 612 3440 Β
628 3389 639 3455 11
655 3392 688 3440 ‘28
707 3405 784 3452 quern
802 3406 848 3440 cm.
866 3388 943 3455 ΒἿ11
961 3393 993 3440 29
1011 3404 1064 3439 nec

94 3458 178 3507 modo
196 3458 328 3509 indicium
347 3461 381 3508 B:
405 3474 457 3508 nec
475 3458 578 3508 iudicio
596 3461 623 3505 H
647 3457 761 3522 (iudicia
778 3455 813 3522 w)
835 3454 845 3521 1
866 3460 899 3507 30
922 3459 950 3506 in
968 3473 1014 3506 om.
1032 3458 1064 3506 Β.
