2294 3780
244 163 498 218 consummo
515 164 688 217 AUGUSTO
705 167 740 216 D.
758 169 867 219 22-25.
977 166 1038 230 211

69 315 180 376 rantes
203 316 245 395 et,
268 312 436 397 siquando
458 314 492 377 in
507 314 682 398 periculum
698 315 856 399 uenerint,
879 315 1039 381 libertatis

68 398 274 461 immemores
297 401 393 479 utque
415 400 535 462 seruire
556 398 652 462 liceat
673 403 813 463 orantes
858 398 1040 463 Romanum

68 502 147 555 uero
169 481 315 565 militem,
338 502 433 565 quem
453 482 705 566 qualemcunque
727 483 855 546 ordinat
870 484 1040 567 disciplina

68 570 103 628 et
126 568 318 629 sacramenti
339 567 454 650 religio
470 567 648 648 confirmat,
671 570 727 630 aut
741 572 865 632 trucem
880 566 1038 632 Francum

67 649 175 713 ferina
202 649 271 714 sola
299 671 396 714 cerne
421 650 611 734 distentum,
641 653 694 734 qui
721 652 821 716 uitam
848 674 906 735 pro
933 653 1064 717 uictuss

69 734 120 796 sui
145 733 272 797 uilitate
300 737 498 818 contemnat,
530 738 669 818 quantae
697 737 790 800 molis
818 737 860 799 sit
888 758 1038 820 superare

69 817 122 880 uel
143 818 280 901 capere?
317 820 400 903 quod
422 823 471 900 tu,
494 820 683 903 imperator,
710 826 743 883 et
763 841 866 904 nuper
889 823 922 883 in
944 822 1039 885 ltalia

69 906 103 964 et
128 902 165 965 in
192 903 263 985 ipso
297 905 471 986 conspectu
499 904 663 967 barbariae
691 904 787 987 paulo
817 909 891 968 ante
920 906 1037 969 fecisti.

67 986 117 1049 ita
143 986 214 1050 sine
235 985 302 1050 ullo
324 987 507 1051 discrimine
535 988 644 1051 omnia
664 1010 783 1072 genera
804 989 961 1052 bellorum
989 1012 1037 1053 ar-

68 1090 195 1133 morum
223 1070 361 1135 hostium
392 1072 449 1134 uni
475 1071 536 1135 tibi
570 1072 702 1155 cedunt,
738 1072 855 1138 cedunt
883 1096 921 1136 ex
949 1074 1036 1138 omni
1050 1094 1076 1133 ro

69 1154 168 1218 etiam
191 1156 344 1219 memoria
365 1156 494 1219 condita
513 1156 630 1220 litteris
651 1157 849 1220 monimenta
870 1158 1035 1222 uirtutum.

67 1260 129 1304 nec
150 1260 228 1303 uero
243 1240 468 1303 tantummodo
490 1243 599 1304 uetera
620 1241 677 1303 illa
695 1241 887 1305 dictatorum
910 1245 942 1304 et
964 1263 1037 1304 con-

68 1324 175 1387 sulum
197 1345 235 1388 ac
256 1324 406 1407 deinceps
429 1344 619 1408 magnorum
640 1326 838 1407 principum,
861 1325 916 1388 sed
939 1326 1036 1388 etiam

66 1408 288 1472 recentissima
325 1412 357 1472 et
388 1408 603 1490 pulcherrima
636 1408 701 1471 diui
734 1409 835 1491 patris
868 1410 917 1472 tui
950 1409 1036 1485 facta

67 1492 227 1576 superasti
258 1492 380 1576 (sordet
412 1493 498 1556 enim
530 1493 609 1556 alios
642 1514 679 1556 ex
711 1494 858 1576 proximo
891 1496 1035 1576 tempore
1049 1512 1073 1551 1⁵

67 1577 284 1660 comparare):
328 1577 447 1659 ipsum,
484 1578 631 1660 inquam,
667 1577 776 1640 diuum
810 1576 1035 1641 Constantium

66 1662 133 1724 iam
154 1661 266 1744 primis
287 1661 414 1744 imperii
435 1661 483 1724 tui
505 1661 614 1725 lustris
636 1665 921 1746 rerumgestarum
944 1662 1035 1725 laude

67 1746 249 1810 cumulasti.

131 1828 235 1896 XXV.
276 1830 402 1895 Inuitus
424 1831 486 1895 hoc
507 1832 589 1895 forte
611 1832 746 1915 accipis,
770 1832 956 1916 imperator,
980 1832 1035 1895 sed

64 1914 136 1997 ille,
165 1915 241 1979 dum
268 1916 402 1979 dicimus
409 1967 418 1998 ‚
453 1917 572 2000 gaudet
599 1939 616 1981 e
645 1917 731 1981 eaelo
759 1921 792 1982 et
818 1919 883 1981 iam
911 1917 1034 2000 pridem
1047 1934 1073 1974 ao

65 2001 199 2062 uocatus
220 1999 260 2063 ad
282 2000 387 2064 sidera
410 2000 514 2064 adhuc
535 2002 649 2065 crescit
672 2003 707 2064 in
725 2000 791 2063 filio
814 2005 846 2063 et
884 2001 1034 2063 loriarum
1060 2052 1070 2069 .

65 2086 194 2146 tuarum
223 2084 376 2167 gradibus
405 2085 556 2148 ascendit.
600 2085 751 2168 purgauit
783 2083 837 2146 ille
894 2085 1035 2146 atauiam

65 2166 194 2231 aduena
215 2168 306 2232 hoste
321 2167 462 2252 depulsa
485 2168 546 2232 tibi
568 2190 601 2231 se
625 2190 663 2231 ex
685 2167 798 2230 ultima
815 2166 963 2230 barbaria
985 2166 1033 2227 in·

65 2250 204 2335 digenae
224 2252 334 2335 populi
357 2253 514 2316 dedidere.
553 2252 607 2315 ille
630 2272 783 2314 oceanum
806 2251 907 2313 classe
928 2252 1033 2311 trans-

64 2335 165 2418 misit,
187 2339 224 2399 tu
246 2342 279 2400 et
292 2337 392 2420 Alpes
414 2338 517 2421 gradu
539 2341 570 2399 et
593 2335 746 2400 classibus
769 2338 881 2417 portus
904 2333 1032 2397 Italicos
1047 2351 1071 2388 2⁵

64 2416 1034 2588 3111111111ἕὲἓῖῗὲιέ111111111111011101111

63 2588 261 2671 prouinciae.
305 2592 469 2671 inescat,
494 2554 641 2672 inquam,
670 2588 763 2651 diuus
785 2588 854 2671 ipse
877 2585 1034 2652 Constan-

64 2671 140 2735 tius.
205 2673 260 2737 uid
286 2673 329 2737 ha
352 2695 389 2738 eo
416 2674 501 2756 quod
528 2694 707 2756 comparem
735 2671 862 2754 ltaliae,
891 2671 1033 2753 Africae,

63 2694 214 2820 Romaei
256 2758 371 2821 merito
393 2758 493 2841 igitur
515 2758 590 2840 tibi,
619 2756 847 2837 Constantine,
879 2759 910 2817 et
931 2775 1033 2836 nuper
1045 2772 1073 2811 ao

133 2947 149 2993 2
167 2948 229 3009 utq3
249 2961 309 3010 epo.-
327 2946 403 2994 11111
433 2942 443 3009 ΙΙ
473 2947 489 2994 3
506 2959 572 2994 uero
590 2943 706 2993 limitem
723 2942 746 2990 A
773 2941 777 3005 Ι
810 2939 1032 3005 qualemcumque

62 3012 212 3062 Liuineius:
230 3012 394 3077 qualemque
412 3014 439 3060 11
468 3011 478 3077 ΙΙ
508 3015 524 3062 ὁ
542 3017 689 3075 prouectus
708 3010 751 3060 sui
767 3010 791 3058 A
807 3010 828 3057 B
846 3009 868 3056 V
925 3010 941 3056 6
960 3007 1033 3057 utili-

61 3082 123 3129 tate
140 3080 158 3126 0
178 3079 183 3141 l
202 3086 305 3145 quante
324 3082 342 3128 0
360 3093 397 3128 w:
420 3084 524 3143 quanta
541 3080 569 3127 11
585 3095 619 3128 ua
656 3083 741 3126 uunta
759 3077 862 3127 moles?
898 3073 903 3139 Ι
932 3076 948 3125 8
966 3073 1031 3140 feel

61 3163 98 3197 aa
117 3147 247 3198 sensisti?
268 3146 278 3213 ss
302 3150 330 3196 11
351 3149 435 3198 etiam
454 3162 488 3195 ex
506 3148 579 3195 omni
597 3094 655 3209 wi
676 3148 707 3193 11
725 3144 916 3195 recentissima
934 3145 1032 3192 Acida-

60 3217 126 3264 liae:
144 3215 303 3264 rectissima
319 3216 347 3262 1
367 3212 377 3279 ΙΙ
400 3216 431 3263 15
449 3229 480 3262 eu
501 3214 600 3262 erastis
616 3213 640 3261 A
660 3210 670 3277 ΙΙ
694 3214 724 3261 16
742 3213 852 3277 inquam
871 3210 969 3260 indiuu
988 3210 1033 3270 (aa

58 3282 126 3347 iperi
139 3277 236 3345 diuur)
256 3282 432 3331 Constantini
444 3282 467 3328 A
479 3229 534 3344 {ill
551 3281 593 3329 tui
605 3296 652 3330 ona
666 3280 742 3329 Bert.
754 3277 765 3343 ΙΙ
777 3282 810 3329 20
829 3284 857 3329 et
874 3280 928 3328 iam
941 3277 1033 3328 Bere:

61 3350 149 3401 etiam
163 3346 267 3413 111113
285 3350 365 3399 hoste
383 3349 508 3397 130sz
526 3347 634 3396 hostem
645 3348 676 3395 A.
700 3363 734 3396 an
752 3346 833 3396 hoste
850 3346 915 3395 inde
934 3344 1033 3408 pulso?

61 3416 67 3483 Ι
91 3415 205 3481 indigne
224 3418 242 3465 0
264 3415 275 3481 ΙΙ
298 3419 331 3466 21
349 3415 450 3482 populo
469 3430 507 3464 ro.
526 3416 543 3462 0
567 3412 577 3478 ll
601 3416 734 3464 romaum
751 3413 876 3475 agnoscit
892 3414 949 3476 inq.
969 3411 995 3459 d.
1015 3410 1033 3457 i.

60 3483 259 3536 Constantius:
278 3484 356 3549 ‘quid
372 3482 460 3533 habeo
477 3507 510 3517 -—
528 3481 662 3532 eamear
688 3477 699 3544 ΙΙ
723 3482 755 3529 29
772 3478 889 3530 habeam
906 3478 939 3525 W

826 3562 881 3612 11*
