2294 3780
105 159 146 222 48
432 163 455 212 Ι.
485 160 516 214 C.
535 160 650 211 PLINlI
668 160 746 210 PAN.

106 315 228 376 rentur.
272 333 370 395 quare
400 330 460 392 ego
491 310 528 373 ia
554 312 601 390 te,
631 308 756 388 Caesar,
791 310 975 371 muneribus
1010 309 1073 373 tuis

107 397 256 460 omnibus
280 414 438 477 comparo,
461 392 571 456 multis
592 395 754 474 antepono
777 392 861 474 quod
884 392 960 455 licet
980 393 1074 457 nohis

107 484 140 544 et
166 482 201 544 in
232 478 441 562 praeteritum
471 477 509 539 de
543 476 636 539 malis
674 475 918 558 imperatoribus
958 478 1074 541 cotidie

107 563 265 627 uindicari
288 565 320 624 01
340 560 464 625 futuros
487 561 545 624 sub
561 560 705 643 exemplo
728 579 934 643 praemonere
950 560 1074 623 nullum

81 648 222 727 blocum,
250 645 374 709 nullum
397 665 466 708 esse
492 647 617 727 tempus
641 665 702 726 quo
730 645 929 707 funestorum
956 643 1075 725 princi-

106 752 183 813 pum
194 751 303 793 manes
319 753 338 793 0
352 733 554 813 posterorum
566 727 820 791 execrationibus
834 726 1071 810 conquiescant.

107 835 169 897 quo
193 815 403 896 constantius,
426 817 535 895 patres
551 812 734 893 conscripti,
761 813 792 873 et
807 810 931 874 dolores
945 814 1073 874 nostros

107 902 140 960 01
160 898 276 982 gaudia
298 898 513 981 proferamus:
547 898 696 962 laetemur
717 896 767 958 bis
789 895 902 975 quibus
921 896 1073 977 fruimur,

107 981 356 1066 ingemiscamus
384 981 448 1044 illis
471 1002 550 1064 quae
579 978 787 1063 patiebamur.
831 979 926 1041 simul
954 982 1073 1041 utrum-

69 1083 93 1121 10
108 1071 173 1149 que'
191 1066 373 1130 faciendum
396 1068 444 1128 est
466 1066 525 1131 sub
552 1065 637 1128 bono
665 1063 821 1146 principe.
860 1062 923 1127 hoc
952 1067 1073 1127 secreta

107 1153 228 1233 nostra,
250 1149 311 1213 hoc
334 1168 506 1232 sermones,
533 1150 594 1212 hoc
615 1150 704 1232 ipsae
727 1148 904 1231 gratiarum
932 1149 1074 1212 actiones

108 1237 209 1319 agant
230 1233 496 1316 meminerintque
519 1235 564 1297 sic
586 1233 723 1297 maxime
739 1231 861 1295 laudari
883 1233 1074 1296 incolumem

107 1319 345 1403 imperatorem,
370 1318 396 1381 si
419 1320 542 1402 priores
564 1340 654 1382 secus
667 1317 774 1381 meriti
788 1316 1072 1400 reprehendantur.

108 1426 184 1468 nam
201 1424 272 1467 cum
286 1403 387 1467 malos
408 1403 569 1487 principes
584 1403 705 1487 posteri
726 1405 846 1484 tacent,
869 1402 1074 1465 manifestum

70 1486 288 1551 150010011οι0
310 1486 416 1550 iacere
437 1491 650 1570 praesentem.

172 1569 254 1635 LIV.
278 1569 322 1634 Et
336 1573 406 1653 quis
426 1573 491 1633 iam
506 1573 594 1633 locus
609 1571 742 1633 miserae
760 1569 952 1632 adulationis
968 1590 1074 1631 mane-

108 1655 166 1720 bat
182 1655 326 1741 ignarus,
352 1677 423 1718 cum
445 1654 555 1717 laudes
577 1654 808 1736 imperatorum
823 1652 905 1714 ludis
928 1653 1023 1715 etiam
1044 1657 1076 1717 et

110 1740 388 1804 commissionibus
426 1738 663 1802 celebrarentur
696 1737 946 1819 saltarenturque
980 1740 1075 1819 atque

108 1824 143 1887 in
167 1846 261 1888 omne
283 1823 456 1886 ludibrium
479 1822 669 1885 effeminatis
691 1820 821 1884 uocibus
844 1820 946 1882 modis
976 1821 1074 1903 gesti-

71 1908 168 1972 abus
196 1906 445 1991 frangerentur?
476 1906 530 1968 sed
559 1905 638 1968 illud
668 1905 838 1988 indignum
860 1903 942 1987 quod
965 1904 1075 1967 codem

108 1995 263 2074 tempore¹
279 1994 314 2054 in
341 1995 455 2055 senatu
485 1994 517 2054 01
545 1991 578 2052 10
606 2011 732 2071 scaena,
763 1988 802 2066 ab
824 1988 981 2051 histrione
1004 1992 1036 2052 et
1058 2012 1077 2052 a

110 2076 238 2140 consule
261 2075 482 2139 laudabantur.
520 2078 555 2137 tu
577 2074 688 2156 procul
711 2073 798 2136 atui
822 2072 909 2136 cultu
937 2073 1075 2136 ludicras

109 2163 195 2224 artes
228 2161 403 2224 remouisti.
451 2159 534 2224 seria
562 2180 638 2242 ergo
671 2162 703 2222 te
738 2158 878 2222 carmina
911 2157 1075 2240 honorque

110 2247 259 2308 aeternus
293 2244 473 2327 annalium,
508 2265 574 2307 000
608 2243 687 2306 haec
721 2242 826 2306 breuis
862 2245 894 2304 et
926 2242 1076 2325 pudenda

71 2346 97 2385 25
110 2327 301 2411 praedicatio
325 2329 416 2392 colit:
441 2329 518 2411 quin
542 2328 637 2391 011010
659 2330 752 2391 10010
775 2325 896 2390 1001010
919 2347 1076 2389 00000000

110 2415 145 2474 10
165 2413 407 2476 uenerationem
429 2412 478 2475 tui
499 2413 625 2477 theatra
645 2413 716 2494 ipsa
737 2413 932 2493 consurgent
953 2414 1075 2494 quanto

110 2496 213 2579 magis
242 2495 280 2559 de
308 2499 340 2560 te
369 2517 502 2560 scaenae
530 2495 678 2558 silebunt.
717 2495 772 2559 sed
799 2494 874 2579 quid
904 2516 963 2578 ego
991 2495 1075 2557 istud

111 2579 257 2661 admiror,
287 2602 359 2644 cum
383 2601 435 2643 eos
458 2600 582 2661 quoque
610 2577 746 2642 honores
769 2580 822 2662 qui
851 2578 910 2641 tibi
938 2601 956 2641 a
982 2578 1074 2641 nobis

111 2662 284 2727 offeruntur
306 2668 362 2727 aut
384 2663 522 2726 delibare
537 2661 720 2745 parcissime
743 2668 799 2726 aut
820 2663 951 2725 omnino
974 2662 1075 2725 soleas

73 2765 98 2804 00
111 2755 279 2815 recusare?
312 2747 394 2812 nihil
423 2749 586 2811 00101010
614 2746 756 2830 uulgare,
784 2752 850 2810 tam
877 2768 1013 2829 paruum
1041 2747 1076 2809 in

180 2940 192 2986 1
214 2952 264 3002 ego
283 2950 320 2984 w:
341 2951 404 3000 ergo
417 2936 444 2983 11
462 2933 507 2999 lin
526 2940 554 2985 10
572 2936 679 2998 scripsi:
697 2941 725 2984 10
737 2935 764 2981 H
782 2950 847 2984 uero
866 2936 966 2984 Kellios
981 2933 986 2998 Ι
1002 2950 1075 2984 mun.

113 3006 169 3053 tuis
188 3003 311 3052 omnibus
330 3016 366 3050 w:
388 3018 460 3051 mun.
480 3002 605 3052 omnibus
624 3003 679 3051 tuis
698 3002 867 3052 001011111οΜ
896 3000 907 3066 ΙΙ
936 3004 1076 3067 41110010-

112 3086 179 3120 0010
208 3071 269 3117 BV
300 3068 310 3134 11
340 3072 355 3120 8
385 3071 521 3120 laetemur
550 3070 592 3119 his
611 3070 709 3133 quibus
739 3071 855 3118 fruimur
879 3085 925 3120 om.
947 3069 983 3129 hi,
1013 3073 1076 3119 add.

115 3138 189 3201 Curp.
219 3134 229 3200 ΙΙ
260 3140 291 3187 10
309 3135 393 3201 hono]
412 3153 466 3186 uno
484 3139 517 3185 W
546 3136 556 3201 ΙΙ
587 3139 618 3186 13
637 3152 716 3186 secus
735 3139 807 3186 edd:
838 3138 975 3186 secumli
1005 3136 1015 3201 ΙΙ
1046 3139 1078 3186 14

110 3204 197 3254 100100
224 3205 361 3270 principes
387 3207 494 3269 scripsi:
521 3204 592 3253 malo
616 3205 742 3269 principe
758 3207 785 3251 lli
808 3204 841 3253 de
865 3204 935 3254 malo
954 3205 1078 3268 principe

111 3285 136 3319 10
165 3269 175 3336 ΙΙ
206 3274 237 3322 16
257 3274 352 3336 ecquis
372 3273 447 3336 Gurp.
478 3270 488 3335 {l
519 3274 549 3322 17
567 3273 680 3336 ignarus
694 3286 720 3337 ςε
740 3286 841 3335 gnarus
860 3275 887 3319 11
916 3271 926 3337 ΙΙ
957 3275 988 3323 18
1008 3288 1078 3322 0010-

111 3339 287 3389 missionibus
296 3341 442 3390 Liuineius:
456 3339 732 3390 commessationibus
741 3339 768 3386 H
783 3337 787 3401 Ι
803 3339 971 3389 saltarentur
983 3342 1003 3387 B
1013 3342 1035 3388 V
1044 3342 1078 3388 W

113 3406 301 3472 saltarentque
325 3410 356 3468 c,
383 3409 448 3458 110110
472 3407 695 3473 saltarenturque
718 3413 788 3457 recte
810 3409 869 3457 edd.
901 3406 910 3472 ll
940 3410 972 3458 30
997 3407 1076 3471 ante]

113 3477 241 3526 autemc
