2294 3780
250 137 468 189 GRATIARUM
484 137 595 188 ACTIO
613 136 776 188 IULIANO.
800 139 909 189 24—26.
1000 137 1065 202 265

95 288 147 352 his
168 287 309 371 optimus
324 286 457 371 quisque
479 286 668 371 abigebatur
681 285 803 369 procul,
826 306 898 350 cum
917 292 1065 370 suspecta

96 376 184 436 essct
204 371 347 457 probitas
369 374 402 434 et
423 370 528 435 inuisa
554 373 586 434 et
607 374 726 454 quanto
748 371 881 453 quisque
902 370 1066 436 honestior

93 458 189 521 tanto
210 456 423 539 importunior
444 456 587 537 turpium
615 454 734 519 arbiter
756 454 918 519 uitaretur.
964 459 997 519 at
1018 460 1063 539 tu,

95 542 255 638 Auguste,
279 540 427 603 omnibus
448 540 544 636 nugis
566 539 698 603 remotis
719 540 876 622 optimum
898 544 931 603 et
948 539 1063 603 doctis-

94 645 565 772 {attatum
584 625 620 771 t}
641 623 1089 792 ttietrfifitltlttblf

207 753 215 765 ⁸
552 757 561 789 7

96 794 235 858 oratoria
261 792 430 874 facultate,
464 793 518 873 qui
545 793 580 855 in
608 792 744 855 scientia
771 793 849 856 iuris
883 760 985 858 ciirilis
1012 815 1064 857 ex·

96 877 202 959 cellit,
230 877 315 941 ultro
343 877 384 941 ad
405 876 659 940 familiaritatem
685 879 827 941 uocatur.
872 878 1063 962 quicumque

94 962 129 1025 iu
156 961 432 1025 administratione
459 961 507 1025 rei
528 961 676 1045 publicae
702 961 908 1025 innocentem
936 983 969 1026 se
996 984 1064 1025 um-

95 1067 192 1129 quam
215 1049 247 1110 et
262 1049 428 1110 strenuum
442 1046 601 1142 praebuit,
625 1045 659 1108 iu
679 1046 874 1108 consortium
894 1068 1063 1109 numerum
1076 1066 1102 1106 ro

94 1133 284 1213 receptatur.
321 1129 471 1214 regeudrs
493 1129 668 1212 prouinciis
690 1149 755 1192 non
777 1128 1062 1193 familiarissimum

95 1234 268 1297 quemque,
301 1214 356 1277 sed
382 1213 681 1277 innocentissimum
708 1212 800 1296 legis.
845 1234 955 1276 omnes
983 1235 1002 1275 a
1029 1217 1062 1277 te

94 1300 255 1382 augentur
280 1299 431 1382 pecunia,
458 1297 695 1381 locupletantur
722 1297 858 1378 diuitiis,
887 1295 1062 1360 honoribus

93 1380 317 1446 honestantur.

157 1463 276 1530 XXVI.
308 1466 444 1531 Prorsus
466 1465 624 1529 amicitias
646 1465 745 1529 tueris
767 1466 885 1548 priuati
907 1465 980 1547 fide,
1002 1465 1061 1528 im·
1075 1482 1100 1524 1⁵

134 1551 250 1614 ratoris
283 1550 457 1635 opulentia.
509 1571 589 1632 quae
619 1553 791 1633 perpetuae
825 1553 857 1614 et
885 1551 1061 1614 constantis

160 1634 330 1698 'ualentiae
352 1635 456 1717 prima
477 1633 594 1698 fiducia
615 1637 678 1716 est,
708 1635 884 1699 certissima
905 1636 1062 1698 uirtutum

93 1722 127 1782 et
150 1719 291 1783 maxima
316 1719 486 1803 principis,
521 1718 656 1800 ueritas,
690 1740 865 1802 numquam
893 1719 928 1782 iu
955 1719 1062 1782 auimo

92 1823 163 1867 esse
190 1805 386 1887 suspicacem
413 1808 444 1866 te
472 1802 588 1865 audiui.
638 1823 732 1866 nemo
759 1804 916 1868 simulatis
938 1803 1061 1868 blandi·

92 1886 160 1969 tiis,
183 1908 278 1951 nemo
299 1887 382 1952 falsa
396 1886 627 1970 pollicitatione
650 1887 799 1971 deceptus
823 1893 882 1953 est.
913 1890 984 1972 quis
1006 1910 1060 1952 ne·
1074 1906 1099 1947 ao

93 1973 155 2035 soit
183 1970 318 2035 aliorum
340 1973 569 2068 imperatorum
591 1970 725 2035 hilarem
748 1972 909 2037 diritatem
933 1973 1060 2036 cachin-

92 2058 290 2138 nantemque
312 2054 507 2120 saeurtiam?
544 2077 562 2118 a
584 2056 698 2138 quibus
720 2055 867 2140 ingenita
889 2056 1060 2120 crudelitas

91 2139 249 2224 figmento
278 2140 419 2205 laetitiae
447 2140 624 2224 tegebatur.
669 2139 750 2201 mira
778 2144 828 2203 est
855 2140 889 2202 iu
914 2140 1060 2222 principe

91 2226 204 2288 nostro
226 2225 344 2289 mentis
366 2224 558 2309 linguaeque
581 2222 760 2287 concordia.
799 2245 865 2287 non
886 2224 980 2286 modo
1003 2222 1061 2285 hu-

91 2307 178 2371 milis
208 2312 241 2371 et
265 2310 358 2392 parui
386 2308 501 2391 animi,
535 2308 591 2371 sed
619 2307 733 2371 seruile
760 2308 874 2371 uitium
903 2308 963 2371 scit
990 2328 1059 2371 esse
1072 2325 1099 2366 ss

92 2391 306 2457 mendacium.
352 2403 384 2457 et
411 2413 501 2474 uere,
537 2413 609 2456 cum
635 2391 805 2455 mendaces
833 2392 978 2455 homines
1006 2394 1061 2455 aut

91 2476 203 2560 inopia
224 2480 279 2541 aut
293 2477 391 2540 timor
406 2477 514 2558 faciat,
536 2476 793 2560 magnitudinem
815 2476 963 2541 fortunae
985 2496 1061 2540 suae

90 2560 267 2644 imperator
291 2561 345 2644 qui
366 2561 520 2624 mentitur
537 2561 675 2645 ignorat.
703 2561 784 2644 quis,
807 2582 862 2624 oro
878 2582 944 2644 uos,
967 2561 1060 2644 plura

91 2644 241 2727 praebuit
255 2645 329 2709 fidei
345 2645 608 2728 constantiaeque
623 2645 834 2709 documenta?
857 2667 966 2709 omues
981 2666 1059 2729 quos

91 2729 238 2812 priuatus
265 2729 301 2793 in
321 2729 576 2793 familiaritatem
603 2750 673 2793 rece
696 2729 723 2792 it
750 2731 860 2793 eodem
882 2729 981 2793 habet
1003 2730 1059 2792 im·
1072 2743 1100 2784 ⁸⁰

114 2815 222 2877 orator
243 2813 370 2878 affectu.
398 2834 493 2877 nemo
507 2812 610 2897 gradu
624 2751 744 2896 puiius,
767 2835 862 2876 nemo
886 2814 973 2876 aditu
988 2834 1059 2895 pro-

89 2834 222 2980 tibicus,
240 2897 322 2961 nulli
337 2897 448 2981 palatii
463 2897 548 2960 fores
565 2896 690 2960 clausae
707 2900 791 2962 sunt.
822 2895 943 2983 [omnes
959 2897 1060 2960 bonos

91 3010 295 3019 ——-

161 3053 194 3101 10
210 3066 350 3102 numerum
367 3065 381 3099 r
398 3066 428 3100 u:
447 3067 586 3102 munerum
604 3052 631 3099 Μ
652 3049 662 3116 ΙΙ
684 3053 715 3101 1a
734 3066 844 3113 omnes3
865 3053 946 3103 malim
963 3056 1004 3102 uel
1020 3053 1062 3102 in-

90 3125 188 3169 sontes
205 3121 246 3168 ael
264 3120 378 3169 comites
400 3117 410 3185 ΙΙ
433 3121 465 3170 18
483 3120 603 3169 maxima
620 3121 728 3183 scripsi:
746 3121 856 3170 maximi
874 3120 994 3183 saera,
1012 3136 1059 3172 om.

89 3186 147 3234 ao
166 3185 187 3233 V
204 3187 245 3236 W.
269 3203 302 3236 aa
319 3188 435 3237 maxime
454 3187 483 3236 in
501 3187 637 3253 principe,
656 3188 817 3237 sinceritas?
845 3186 850 3252 Ι
872 3203 990 3253 numque
1009 3187 1030 3235 V
1054 3186 1058 3252 l

89 3254 194 3315 anim03
212 3255 294 3304 malim
311 3254 403 3320 aliquo
421 3259 462 3304 acl
479 3255 569 3304 amico
593 3251 603 3318 ΙΙ
630 3257 662 3305 19
680 3255 822 3318 suspicaci
840 3262 869 3306 te
887 3258 995 3320 scripsi:
1014 3269 1061 3304 su·

89 3320 252 3386 epicureis
269 3323 437 3386 suspicatum
457 3321 477 3369 B
496 3324 513 3371 0
532 3323 554 3368 V
570 3323 604 3370 W
618 3320 623 3386 Ι
639 3321 795 3372 simulantis
814 3325 831 3370 0
852 3321 862 3387 11
886 3325 920 3374 20
938 3323 984 3387 qui
1002 3322 1025 3369 A
1042 3324 1060 3369 c

88 3384 99 3453 ll
127 3389 160 3439 21
184 3388 339 3438 cachinnat.
357 3391 380 3437 Δ
396 3390 419 3436 V
436 3389 469 3436 W
499 3387 508 3453 ΙΙ
539 3392 570 3439 31
594 3385 684 3455 aditu]
707 3389 803 3440 habitu
825 3391 841 3438 0
872 3388 882 3453 ΙΙ
912 3392 944 3437 32
968 3402 1059 3437 omnes

88 3456 178 3507 bonos
196 3454 282 3506 babet
298 3459 391 3507 seelera·
