2294 3780
105 146 166 211 196
425 146 473 197 rr.
504 146 655 198 morari
672 146 752 197 Par.

105 297 192 379 cula,
222 299 254 360 te
283 296 474 360 abolitarum
501 295 747 377 calumniarum,
775 298 808 358 te
835 295 1071 378 prohibitarum

104 381 316 463 delationum,
345 384 377 444 te
399 380 581 450 conseruati
604 379 691 443 orbis
720 382 816 463 atque
837 378 1073 443 homicidarum

104 466 272 551 sanguinis
286 465 471 549 gratulatio.
494 464 527 527 in
542 468 609 527 tam
625 464 751 527 diuersa
766 485 932 528 causarum
946 463 1073 527 ratione

104 551 214 614 diuino
237 549 382 630 consilio,
405 548 588 631 imperator,
610 547 672 611 hoe
694 551 743 612 est
756 551 822 631 tuo,
846 569 912 612 non
932 547 1073 612 militum

78 633 352 714 multitudinem,
376 632 430 696 sed
452 633 592 715 partium
614 632 729 695 merita
750 632 935 696 numerasti.

168 717 208 782 V.
255 716 394 800 Magnus
417 716 610 798 Alexander,
635 737 707 780 cum
727 719 856 800 praeter
877 716 1074 781 Macedonas

105 823 179 867 suos
207 804 341 865 cunctae
364 800 532 884 Graeciae,
559 801 711 865 uniuerso
734 799 863 884 illyrico
890 802 1075 865 innumera-

104 886 202 949 bilem
239 885 389 948 dileetum
420 888 530 969 posset
560 885 718 968 indicere,
755 907 931 970 numquam
963 888 1075 949 tamen

105 970 241 1033 maiores
270 969 482 1054 quadraginta
514 970 640 1033 milium
675 971 782 1054 copias
811 970 902 1034 duxit
930 969 1075 1034 inhabile

68 1074 93 1113 10
106 1054 232 1138 regenti
254 1057 359 1136 ratus,
384 1053 535 1138 quicquid
557 1055 737 1138 excederet,
765 1058 798 1118 et
818 1055 946 1118 turbam
967 1056 1076 1137 potius

107 1160 203 1222 quam
238 1139 421 1203 exercitum.
465 1143 501 1202 tu
529 1160 604 1203 uero
639 1140 735 1202 etiam
767 1139 945 1203 minoribus
975 1139 1076 1221 copiis

105 1223 225 1287 bellum
247 1223 347 1287 multo
368 1223 470 1287 maius
493 1243 665 1307 aggressus
687 1243 730 1305 es,
753 1225 844 1287 tanto
866 1223 990 1287 scilicet
1003 1244 1077 1306 pro-

105 1307 177 1391 pria
191 1310 247 1370 tua
262 1307 384 1372 uirtute
398 1308 505 1390 potior
520 1309 639 1390 quanto
655 1306 710 1370 ille
729 1328 862 1370 numero
877 1308 1076 1371 instructior.

107 1395 139 1455 et
160 1392 214 1455 ille
259 1392 365 1456 uidem
388 1394 500 1455 contra
521 1390 607 1455 leues
629 1390 741 1455 Medos
770 1394 802 1454 et
823 1392 958 1456 inbelles
978 1390 1077 1474 Syros

69 1493 95 1533 15
108 1479 140 1539 et
167 1413 359 1539 Parthorum
392 1497 481 1538 arma
508 1475 647 1539 uolatica
680 1480 712 1540 et
739 1476 899 1540 Asiaticos
928 1478 1077 1560 optantes

108 1562 231 1623 mutare
259 1561 426 1624 seruitium
456 1581 523 1622 rem
551 1561 652 1644 gessit
677 1560 791 1643 proelii
819 1561 913 1624 unius
942 1563 1075 1625 euentu:

107 1644 167 1707 tibi
195 1643 347 1707 uincendi
375 1645 468 1707 erant
495 1643 611 1707 milites
640 1645 712 1729 (pro
734 1645 859 1791 nefaslp
881 1646 977 1728 paulo
1001 1646 1078 1708 ante

107 1728 265 1808 Romani,
289 1727 386 1790 armis
408 1727 556 1790 omnibus
577 1749 664 1792 more
686 1728 807 1812 primae
830 1729 940 1793 cassis
963 1729 1078 1793 armati

109 1814 143 1874 et
171 1832 230 1892 pro
252 1811 432 1874 facinorum
461 1812 658 1876 conscientia
683 1835 858 1897 numquam
884 1814 947 1877 nisi
974 1816 1078 1877 morte

70 1895 239 1958 recessuri.
283 1895 433 1977 probauit
453 1895 515 1959 hoc
536 1896 640 1978 prima
669 1898 843 1962 obstinatio
866 1919 991 1980 eorum,
1023 1899 1079 1981 qui

109 1979 168 2042 sub
191 1978 269 2062 ipsis
287 1978 420 2062 Alpium
441 1979 536 2063 iugis,
558 1981 809 2046 munitissimum
831 1982 908 2046 licet
928 2004 1019 2045 muro
1041 2003 1079 2046 ae

110 2063 174 2126 situ
201 2066 348 2126 tenentes
377 2063 544 2147 oppidum,
577 2066 646 2129 ausi
672 2066 803 2130 fuerunt
830 2070 862 2130 te
890 2067 1079 2131 imminente

109 2148 257 2211 resistere
280 2169 318 2211 ac
339 2152 450 2231 portas
474 2149 636 2235 claudere,
665 2173 731 2214 non
754 2150 919 2214 credentes
941 2150 989 2214 illi
1012 2151 1080 2234 qui·

110 2232 197 2314 dem,
221 2234 257 2295 ut
279 2232 388 2316 audie,
410 2234 517 2317 ipsum
535 2236 567 2298 te
590 2236 698 2300 adesse
723 2236 806 2318 (quis
830 2236 915 2298 enim
937 2235 1080 2299 crederet

72 2331 98 2372 25
111 2318 179 2380 tam
202 2317 266 2381 cito
290 2339 309 2380 a
330 2316 445 2381 Rheno
468 2318 507 2381 ad
529 2319 628 2402 Alpes
649 2321 875 2403 imperatorem
898 2341 969 2383 cum
992 2340 1080 2384 exer·

112 2402 177 2466 citu
192 2401 423 2486 peruolassel),
447 2403 502 2465 sed
516 2405 627 2467 tamen
641 2405 695 2487 qui
717 2426 783 2468 non
799 2405 901 2469 solum
916 2404 1081 2487 praesenti

110 2485 237 2548 numini
263 2488 335 2568 tuo,
371 2507 482 2549 uerum
511 2487 608 2550 etiam
635 2489 785 2552 nuntiato
815 2489 939 2553 nomini
969 2488 1080 2552 cedere

112 2567 307 2631 debuissent.
340 2568 469 2632 luerunt
490 2570 589 2652 igitur
610 2571 685 2634 ilico
707 2571 886 2638 dementiae
908 2594 984 2637 suae
1005 2593 1080 2657 poe·

111 2672 182 2732 naS,
207 2673 278 2715 oum
301 2651 442 2715 oblatam
465 2652 524 2715 sibi
547 2674 566 2715 a
586 2653 753 2720 clementia
767 2661 823 2721 tua
845 2657 972 2721 ueniam
991 2679 1081 2721 recu·

74 2752 100 2791 30
113 2742 247 2800 sassent.
276 2757 379 2820 neque
399 2737 486 2800 enim
506 2737 591 2801 uallo
606 2737 756 2823 fossaque
772 2742 913 2805 obsessio
929 2741 1082 2806 inchoata

114 2822 172 2904 est,
196 2842 256 2885 nee
278 2821 435 2886 cuniculis
458 2821 591 2905 agendis
613 2846 674 2887 uec
696 2826 852 2888 machinis
875 2826 1082 2889 admouendis

182 3061 197 3107 2
210 3064 238 3107 te
250 3061 299 3109 del.
311 3072 336 3107 w
351 3058 355 3119 Ι
373 3060 531 3109 conseruati
543 3061 617 3110 orbis
629 3063 766 3113 Arcaea:
778 3064 953 3114 conseruatis
966 3066 993 3111 11
1010 3063 1041 3113 P.
1049 3064 1082 3112 R.

115 3126 273 3175 conseruati
292 3128 426 3177 Acidaliae
448 3124 452 3191 Ι
470 3130 486 3178 8
504 3127 638 3178 delectum
656 3131 673 3176 c
690 3127 700 3194 ΙΙ
717 3133 732 3179 9
749 3130 858 3181 milibus
873 3132 1006 3181 Liuineius
1023 3128 1033 3195 ΙΙ
1052 3133 1084 3181 10

114 3194 201 3242 iratus
220 3195 242 3240 Δ
266 3190 276 3256 ΙΙ
301 3196 332 3243 12
351 3195 436 3245 maius
467 3197 554 3261 magis
573 3199 590 3244 0
608 3199 631 3245 V
646 3192 649 3262 l
666 3213 741 3262 prop.
759 3202 809 3247 tua
826 3199 890 3247 uirt.
909 3200 931 3246 Δ
948 3199 995 3247 W:
1017 3200 1082 3248 uirt.

115 3265 164 3310 tua
181 3275 260 3325 prop.
279 3262 298 3309 B
318 3262 375 3310 GV
403 3260 413 3327 ss
444 3266 475 3313 17
494 3275 574 3314 erant
591 3263 754 3315 uincendic
782 3263 792 3330 ss
821 3268 853 3314 21
872 3266 1086 3315 munitissimum

114 3329 262 3378 Liuineius:
283 3331 466 3380 munitissimo
484 3333 511 3378 Μ
537 3329 542 3395 l
569 3332 677 3383 scilicet
695 3333 828 3382 Acidaliae
858 3330 868 3397 ΙΙ
897 3335 930 3384 24
946 3334 1038 3398 ipsum
1055 3339 1085 3382 te

114 3395 191 3445 AW:
211 3402 237 3446 tc
255 3398 344 3462 ipsum
362 3395 516 3463 1311111126
535 3400 583 3449 sed
602 3402 649 3464 qui
666 3406 760 3451 tamen
775 3400 898 3451 Gruterus
910 3398 920 3465 ΙΙ
933 3403 965 3451 27
984 3401 1085 3451 cedere

115 3474 153 3513 w:
174 3465 284 3515 credere
296 3465 324 3511 11
336 3464 411 3515 Bert.
426 3463 435 3530 ΙΙ
452 3468 485 3517 28
503 3466 590 3530 igitur
607 3471 656 3523 del.
671 3482 696 3517 w
708 3466 718 3532 11
735 3471 768 3519 30
786 3467 861 3518 uallo
880 3470 953 3523 edd:
971 3467 1045 3519 bello
1056 3470 1086 3516 Ι
