2294 3780
293 156 475 209 GENETHL.
494 158 702 208 naxlnlsn'l.
725 160 799 208 5-7.
971 157 1030 219 1(Ιῖ

58 304 194 368 fortuna
216 308 312 389 atque
332 306 403 388 ipso
426 310 476 370 est
497 306 599 370 maior
618 307 759 390 imperio.
789 306 881 372 uobis
897 305 1030 370 Rhenus

61 392 95 452 et
117 387 230 452 Hister
257 393 290 453 et
317 389 412 455 Nilus
440 394 472 455 et
501 412 574 454 cum
605 392 734 476 gemino
762 389 868 476 Tigris
897 389 1031 454 Eufrate

60 477 96 535 et
122 476 256 556 uterque
283 495 346 557 qua
372 474 455 539 diem
484 475 603 558 accipit
629 477 663 539 et
687 475 792 539 reddit
819 496 958 540 oceanus
987 478 1030 556 et,

59 557 213 640 quicquid
240 560 290 622 est
316 559 401 623 inter
423 560 486 623 ista
508 564 664 623 terrarum
691 564 724 624 et
746 560 913 624 fluminum
942 564 974 623 et
995 559 1032 622 li·

61 647 185 723 torum,
228 645 295 705 tam
330 643 418 707 facili
456 646 532 707 sunt
566 644 814 727 aequanimitate
850 644 1057 709 communias

61 747 159 809 quam
195 725 259 789 sibi
295 727 437 811 gaudent
472 749 541 792 esse
580 749 780 792 communem
816 729 897 792 oculi
936 729 1029 792 diem.

63 811 109 872 ita
136 809 279 893 duplices
308 812 400 876 uobis
434 813 561 876 diuinae
589 814 752 895 potentiae
778 813 900 878 fructus
928 814 1031 896 pietas

62 896 176 992 uestra
194 895 346 978 largitur:
383 900 417 960 et
438 918 494 960 suo
522 901 654 980 uterque
676 897 793 960 fruitur
821 902 854 961 et
875 897 1031 961 consortis

62 1000 206 1159 millii..
246 1064 369 1128 Laurea
395 1065 452 1128 illa
481 1065 519 1129 de
545 1065 639 1131 uictis
666 1064 883 1129 accolentibus
905 1065 1030 1148 Syriam
1045 1084 1069 1123 ιο

61 1147 248 1212 nationibus
284 1152 316 1213 et
353 1149 411 1213 illa
442 1149 575 1213 Raetica
614 1153 647 1214 et
685 1151 740 1213 illa
776 1149 952 1214 Sarmatica
988 1154 1030 1230 te,

62 1229 271 1315 Maximiane,
286 1232 434 1297 fecerunt
447 1235 501 1317 pio
516 1234 632 1318 gaudio
647 1235 829 1316 tripudiare.
858 1234 1031 1315 itidemque

61 1314 117 1379 hic
141 1337 223 1399 gens
245 1316 445 1382 Chaibonum
466 1317 720 1400 Herulorumque
745 1318 849 1380 deleta
875 1321 908 1380 et
928 1320 1031 1379 trans-

61 1398 208 1464 rhenano
236 1401 371 1465 uictoria
400 1405 432 1467 et
454 1402 582 1467 domitis
611 1423 764 1486 oppressa
786 1401 919 1465 Francis
946 1400 1030 1463 bella

61 1484 201 1566 piratica
228 1484 466 1550 Diocletianum
501 1492 650 1551 uotorum
679 1490 858 1569 compotem
888 1484 1069 1549 reddide-15

61 1571 151 1632 runt.
201 1569 341 1634 diuidere
372 1572 457 1635 inter
483 1593 539 1635 uos
567 1573 598 1635 di
627 1572 823 1635 immortales
851 1592 908 1634 sua
936 1570 1030 1633 bene-

62 1651 138 1716 ficia
175 1675 242 1717 non
274 1659 426 1737 possunt:
474 1655 623 1739 quicquid
657 1656 801 1719 alterutri
837 1657 1029 1739 praestatur,

61 1736 231 1801 amborum
254 1742 312 1803 est.
356 1740 618 1837 obstupescerent
640 1744 726 1805 certe
754 1761 864 1804 omnes
886 1740 1031 1803 homines

63 1820 275 1887 admiratione
290 1825 399 1906 uestri,
423 1828 519 1887 eham
542 1826 568 1887 si
590 1846 648 1889 uos
671 1826 754 1888 idem
769 1846 885 1907 parens
907 1823 1030 1887 eadem-

63 1926 126 1988 que
147 1909 249 1970 mater
271 1909 311 1971 ad
333 1909 428 1971 istam
451 1909 654 1973 concordiam
674 1913 810 1973 naturae
827 1910 951 1993 legibus
973 1910 1029 1971 im·
1045 1924 1070 1962 Β)

63 1989 220 2055 buissent.
265 1996 299 2054 at
324 1994 410 2056 enim
437 1998 555 2076 quanto
577 1993 638 2057 hoe
665 1998 714 2058 est
736 1994 952 2056 admirabilius
979 1994 1032 2055 uel

63 2074 207 2157 pulcrius
233 2076 318 2159 quod
339 2098 396 2140 uos
420 2082 535 2159 eastra,
564 2080 646 2161 quod
669 2079 804 2163 proelia,
833 2078 915 2160 quod
938 2097 1031 2158 pares

63 2158 218 2223 uictoriae
239 2162 343 2225 fecere
364 2161 503 2225 fratres?
547 2163 621 2226 dum
650 2163 821 2226 uirtutibus
849 2161 963 2224 uestris
985 2160 1030 2221 fa-

63 2244 164 2326 uetis
187 2244 262 2308 dum
284 2245 499 2329 pulcherrima
521 2247 656 2310 inuicem
679 2246 766 2309 facta
784 2244 933 2326 laudatis,
956 2244 1030 2305 dum

64 2327 105 2390 ad
127 2348 287 2392 summum
313 2330 461 2395 fortunae
482 2331 647 2414 fastigium
672 2330 742 2413 pari
764 2328 866 2412 gradu
888 2326 1031 2408 tenditis
1045 2339 1070 2379 2⁶

63 2411 226 2476 diuersum
248 2416 438 2498 sanguinem
465 2415 630 2479 affectibus
653 2413 835 2478 miscuistis.
879 2432 947 2475 non
968 2410 1031 2474 for-

62 2496 150 2559 tuita
177 2496 212 2560 in
239 2499 329 2562 uobis
358 2502 407 2563 est
428 2500 649 2583 germanitatis
677 2519 775 2582 usque
802 2498 842 2561 ad
864 2496 1032 2578 imperium

134 2740 151 2787 3
174 2737 317 2801 quodiam
339 2742 447 2803 scripsi:
473 2740 580 2803 qualem
599 2741 626 2786 ii
648 2755 703 2804 qua
724 2738 808 2788 solem
829 2739 956 2786 Puteanus
979 2750 1032 2798 qua

64 2803 156 2854 lucem
170 2805 294 2856 &uterus
309 2802 314 2869 Ι
330 2808 439 2871 aceepit
450 2808 478 2855 Κ
489 2804 499 2871 ΙΙ
512 2809 528 2856 4
540 2806 650 2856 litorum
661 2808 751 2870 Carra:
769 2810 889 2855 retorum
901 2805 928 2850 ii
945 2807 1033 2852 tecto·

64 2886 124 2920 rum
143 2886 168 2921 w
192 2870 202 2938 ΙΙ
231 2876 347 2937 dquam
365 2887 403 2922 w:
428 2889 588 2938 quamquam
605 2875 627 2923 A
646 2878 777 2938 quantum
796 2874 816 2921 Β
835 2872 892 2920 GV
916 2869 926 2933 ΙΙ
952 2872 982 2918 10
1000 2868 1032 2917 de

65 2940 150 2989 uictis
166 2942 275 3005 scripsi:
299 2942 416 2991 deuictis
433 2943 461 2988 Η
479 2946 551 3006 rrnlpo
581 2943 586 3005 Ι
616 2942 717 3006 syriam
736 2942 782 2989 W:
807 2940 881 3001 syria
898 2938 920 2986 A
938 2934 958 2984 B
977 2937 993 2984 c
1011 2936 1033 2981 V

68 3008 82 3071 ΙΙ
115 3009 148 3057 12
171 3008 325 3073 tripudiare
347 3012 456 3073 scripsi:
484 3008 651 3073 triumphare
672 3010 699 3055 ii
729 3007 739 3072 ΙΙ
771 3010 801 3057 13
823 3003 879 3070 hic]
902 3004 954 3054 hcc
973 3018 997 3052 w
1029 3042 1031 3063 :

66 3088 222 3138 caynonum
240 3076 262 3124 A
285 3077 464 3127 cauionumc
487 3078 631 3127 cainonem
653 3078 673 3125 Β
692 3076 713 3124 V
730 3075 806 3126 Beni.
830 3074 982 3136 carbonum
1000 3073 1034 3119 W

68 3140 72 3205 Ι
103 3143 308 3194 transrhenana
330 3144 352 3192 A
375 3144 583 3193 transrhenanis
605 3144 625 3191 Β
644 3144 661 3193 0
680 3144 701 3191 V
723 3148 801 3191 trans
823 3141 937 3190 rhenum
955 3141 988 3188 W
1020 3136 1032 3201 ,Ι

66 3212 101 3260 14
119 3208 228 3260 domitis
245 3225 283 3260 w:
302 3212 422 3261 domitiis
441 3215 481 3261 nel
499 3211 623 3260 dominiis
640 3212 668 3259 Κ
697 3208 707 3274 ΙΙ
737 3213 768 3259 tl
789 3214 831 3259 est
849 3224 896 3259 orn.
916 3207 989 3257 Bert.
1019 3202 1032 3269 l;

66 3279 100 3328 27
127 3278 317 3342 germanitatis
344 3279 414 3327 GV:
446 3280 611 3343 germanitas
634 3279 747 3327 ABW
774 3276 957 3341 germanitas,
986 3274 1033 3323 sed

66 3344 168 3396 electa.
199 3352 293 3397 notum
313 3354 367 3409 est,
391 3360 476 3410 saepe
496 3346 598 3395 eisdem
616 3345 777 3410 parentibus
796 3349 878 3393 natos
897 3357 959 3391 esse
978 3340 1034 3390 dis-

66 3413 185 3464 similes:
211 3414 382 3464 certissimee
400 3414 584 3464 fraternitatis
607 3419 649 3463 est
671 3427 758 3476 usque
781 3410 815 3461 ad
833 3410 975 3474 imperium
1000 3409 1034 3457 si-

66 3482 191 3535 militudo
209 3481 287 3547 cnsp.
