2294 3780
301 156 555 209 consraurrno
574 158 753 210 accusso.
774 162 849 211 s-s.
1000 158 1059 223 183

89 308 212 371 tustate
239 306 478 390 obsoleuerunt,
508 307 583 390 quid
604 307 684 372 haec
706 309 847 372 recentia
868 328 947 392 quae
969 309 1060 392 pueri

90 390 254 456 uidimus?
291 391 438 474 attende,
462 413 596 475 quaeso,
619 396 773 475 quantum
796 393 853 475 sit,
875 393 1059 476 imperator,

89 475 175 560 quod
207 475 315 539 diuum
345 474 513 541 Claudium
542 480 710 560 parentem
737 480 829 541 tuum
861 476 901 540 ad
929 498 1059 560 recupe-

90 559 210 624 randas
238 558 361 624 Gallias
389 560 485 644 primi
513 561 766 626 sollicitauerunt
794 564 1060 645 expectantesque

91 646 160 709 eius
190 645 345 716 auxilium
370 649 494 729 septem
515 645 677 710 mensibus
701 646 801 710 clausi
829 650 862 710 01
883 646 990 710 omnia
1011 647 1085 710 ins

91 729 184 813 opiae
211 729 395 793 miseranda
422 731 566 813 perpessi
593 733 662 794 tum
684 730 811 795 demum
838 731 1060 815 irrumpendas

91 813 265 878 rebellibus
294 813 471 878 Gallicanis
499 819 610 898 portas
638 814 851 899 reliquerunt,
884 838 956 880 cum
983 816 1061 880 fessi

90 898 243 962 obserare
271 918 337 962 non
365 902 506 982 possent.
545 899 629 982 quod
657 900 683 963 si
712 901 803 964 uobis
833 904 866 964 et
894 901 1060 964 conatibus

90 983 278 1046 Aeduorum
305 983 436 1047 fortuna
468 983 602 1048 fauisset
630 987 725 1067 atque
752 985 807 1049 ille
839 985 885 1048 rei
915 985 1060 1069 publicae

90 1067 259 1131 restitutor
287 1067 535 1151 implorantibus
568 1068 661 1133 nobis
695 1069 864 1133 subuenire
892 1071 1057 1152 potuisset,
1073 1088 1097 1127 1⁰

90 1152 161 1215 sine
184 1152 250 1215 ullo
273 1151 463 1216 detrimento
485 1152 704 1217 Romanarum
727 1154 853 1235 uirium,
877 1154 947 1216 sine
970 1154 1060 1217 clade

91 1234 303 1300 catalaunica
331 1237 554 1320 compendium
578 1239 667 1321 pacis
695 1237 908 1301 reconciliatis
930 1239 1059 1321 prouin-

92 1321 151 1385 ciis
174 1321 334 1385 attulisset
354 1322 540 1385 fraternitas
562 1322 757 1385 Aeduorum.
796 1322 837 1384 ob
858 1320 939 1384 haec
960 1322 1061 1406 igitur

90 1405 207 1469 merita
235 1408 302 1468 tam
330 1407 435 1489 prisca
463 1407 555 1471 diuus
586 1410 679 1489 pater
707 1409 781 1469 tuus
810 1405 971 1469 ciuitatem
998 1407 1061 1469 Ae

89 1489 226 1553 ducrum
240 1490 344 1554 uoluit
358 1491 516 1554 iacentem
533 1490 577 1554 eri
603 1512 654 1554 ere
669 1490 890 1574 perditamque
906 1511 1060 1573 recreare,
1073 1505 1099 1546 1⁵

90 1595 158 1638 nou
188 1574 290 1638 solum
317 1575 462 1657 pecuniis
490 1575 530 1638 ad
554 1512 734 1640 calendaria
760 1575 935 1659 largiendis
964 1578 996 1638 et
1018 1574 1060 1638 11-

90 1658 197 1722 uacris
212 1681 292 1743 quae
308 1663 492 1724 corruerant
507 1661 700 1741 extruendis,
723 1660 891 1724 sedetiam
907 1660 1060 1724 metoecis

89 1743 231 1826 undique
252 1744 495 1825 transferendis,
517 1747 554 1808 ut
576 1747 660 1808 esset
674 1745 730 1808 illa
753 1744 866 1809 ciuitas
882 1743 1061 1828 prouincia·

89 1849 162 1891 rum
178 1828 267 1892 uelut
280 1850 346 1892 una
356 1832 469 1910 mater,
482 1851 561 1912 quae
571 1830 710 1912 reliquas
722 1831 816 1894 urbes
829 1828 1061 1913 quodammodo

89 1910 257 1976 Romanas
279 1914 381 1996 prima
403 1913 540 1977 fecisset.
1073 1931 1099 1971 2⁰

155 1996 196 2060 V.
241 1995 317 2061 Dixi
345 1998 544 2081 quambene
570 2000 693 2062 meritis
716 1999 836 2063 Aeduis
865 1999 1061 2081 subueneris,

90 2081 280 2166 imperator3
304 2083 448 2165 sequitur
470 2086 506 2146 ut
521 2082 625 2146 dicam
647 2104 742 2164 quam
758 2083 900 2178 grauiter
921 2082 1059 2144 afflictis.

91 2167 148 2248 qui
174 2165 263 2229 locus
290 2167 426 2230 nimium
455 2171 609 2250 quantum
635 2166 706 2248 plus
734 2165 814 2229 mrhi
842 2165 1062 2248 suppeditaret

92 2250 261 2333 orationis,
290 2251 318 2315 si
339 2250 389 2315 fas
411 2255 495 2316 esset
524 2251 673 2314 audiente
694 2254 727 2314 10
749 2250 843 2312 rebus
865 2248 1061 2312 tristioribus

93 2335 265 2399 immorari.
296 2338 332 2399 ut
353 2336 453 2420 igitur
474 2336 509 2399 in
531 2333 753 2419 praedicandis
775 2332 922 2396 laudibus
938 2332 1061 2416 patriae
1073 2347 1100 2389 2⁵

92 2440 184 2483 meae
206 2420 397 2485 uerecundia
425 2420 554 2484 modum
575 2419 654 2482 fecit
680 2440 722 2481 ue
745 2420 936 2501 arroganter
958 2418 1061 2481 insur-

118 2524 215 2587 erem‚
238 2505 285 2568 111
300 2506 335 2568 in
351 2504 637 2569 commemorandis
654 2502 794 2567 eiusdem
809 2502 902 2566 malis
926 2505 958 2567 et
972 2522 1061 2567 meus

92 2523 185 2651 dolor
207 2591 239 2652 et
260 2592 388 2653 tuarum
411 2590 534 2652 aurium
557 2588 751 2652 consuetudo
774 2587 945 2652 cohibebit.
979 2585 1062 2651 nihil

93 2672 182 2736 enim
209 2672 347 2737 libenter
374 2673 480 2756 audis,
508 2674 572 2737 nisi
599 2694 661 2757 quc
683 2694 836 2756 prospera
860 2673 924 2737 tuis
953 2676 1061 2757 gratu·

92 2755 179 2821 leris.
215 2757 271 2820 sed
293 2761 402 2823 tamen
425 2778 553 2842 quaeso,
577 2758 759 2841 imperator,
782 2758 916 2840 iniunge
937 2756 1061 2839 patien-
1075 2772 1101 2812 ³⁰

95 2882 296 2889 ——--———.

163 2950 176 2995 l
190 2945 365 2996 absoluerunt
377 2948 399 2993 A
413 2946 606 2996 abaoleuerunt
618 2947 651 2992 W
663 2944 673 3011 ΙΙ
686 2948 701 2995 2
714 2945 821 3008 quantis
831 2946 940 3007 scripsi:
959 2947 1062 3006 quanta

93 3015 121 3061 1
139 3015 237 3078 quanti
254 3016 313 3064 cdd.
340 3012 344 3076 Ι
370 3015 427 3063 sint
444 3028 469 3061 w
498 3011 508 3077 1
537 3015 553 3062 4
570 3011 663 3079 primi]
684 3028 778 3077 parum
796 3013 829 3058 W
858 3009 868 3075 ΙΙ
897 3012 913 3060 8
932 3009 1062 3060 obserare

92 3083 202 3144 scripsi:
221 3081 369 3132 obseruare
382 3084 410 3130 u
428 3096 539 3131 seruare
556 3083 615 3133 cdd.
633 3078 643 3146 1
661 3083 691 3129 11
711 3075 947 3142 1011111101υπιΔΙΙ
966 3079 997 3126 12
1016 3093 1063 3127 ca·

92 3147 232 3198 talannita
249 3151 272 3197 A
289 3146 299 3214 ΙΙ
321 3151 353 3199 14
371 3150 471 3199 merita
489 3153 546 3198 tam
563 3151 671 3212 scripsi:
689 3148 784 3196 merita
802 3153 830 3197 et
848 3148 874 3194 A
890 3144 894 3210 Ι
909 3146 999 3211 prima
1018 3145 1062 3194 W:

92 3217 197 3281 primas
214 3219 236 3264 A
254 3218 274 3265 B
293 3219 310 3265 0
328 3219 351 3265 V
372 3214 382 3281 ΙΙ
407 3218 437 3265 17
458 3217 541 3265 etiam
558 3217 593 3264 A:
614 3219 642 3265 et
660 3221 719 3264 cett.
740 3212 744 3279 Ι
763 3214 1062 3265 11101000101110101111.Ι

93 3285 206 3347 metycis
224 3286 246 3331 A
264 3285 369 3334 melicis
386 3283 495 3332 BGVW
507 3283 572 3333 nial.
586 3282 659 3333 Bert.
673 3280 682 3347 11
700 3285 733 3333 23
750 3277 876 3347 nimium]
895 3282 993 3331 mtrum
1010 3281 1063 3330 Pu·

95 3359 185 3401 tecnas
209 3349 219 3417 ΙΙ
243 3353 276 3401 25
293 3350 431 3414 laudibus]
450 3367 496 3401 cm.
513 3352 537 3399 A
555 3351 660 3400 meritis
678 3351 712 3397 W
729 3356 789 3413 post
806 3353 920 3398 lacunam
938 3351 972 3398 26
989 3349 1036 3398 liu.
1056 3344 1066 3410 il

94 3421 128 3469 29
148 3434 200 3483 quo
216 3434 347 3484 prospera
360 3419 415 3468 tuis
428 3423 503 3482 grat.
514 3420 623 3484 scripsi:
642 3431 712 3483 quos
724 3416 851 3483 1111οἫ1
867 3431 921 3480 pro
931 3417 994 3462 nius
1004 3417 1082 3488 grat.

92 3487 122 3534 1
140 3487 209 3550 quod
227 3503 278 3551 pro
292 3489 346 3537 tuis
363 3486 516 3553 pertuleris
530 3489 637 3555 Lipsius
656 3502 708 3554 pro
722 3501 778 3552 quo
790 3484 853 3534 tuis
867 3485 947 3546 grat.
961 3480 1104 3525 Liuineius
