2294 3780
105 158 167 224 156
423 160 470 212 vr.
498 159 650 210 menam
670 159 749 209 rau.

168 309 207 374 X.
242 308 304 374 Sed
325 308 471 393 profecto
494 309 601 392 exegit
622 307 684 372 hoc
705 308 776 391 ipsa
798 307 935 370 uarietas
958 309 992 370 et
1012 326 1074 370 na·

104 397 177 458 tura
202 397 368 475 fortunae,
398 394 448 457 cui
475 391 558 456 nihil
585 395 709 456 mutare
731 392 880 475 licuerat,
908 390 985 454 dum
1012 410 1076 454 uos

105 479 274 564 imperium
289 478 450 560 teneretis,
472 479 510 540 ut
529 476 585 540 illa
605 476 723 561 uiginti
739 497 896 541 annorum
917 474 1078 541 continua

105 563 243 627 felicitas
269 561 439 625 interuallo
467 561 573 644 aliquo
600 560 862 644 distingueretur,
897 559 1078 624 autetiam

80 648 139 712 sdi
164 646 361 710 immortales
389 645 524 728 probare
552 644 723 708 uoluerunt
748 644 809 707 tibi
835 644 982 707 innixam
1010 647 1074 707 ste·

106 731 183 795 tissa
210 751 279 794 rem
301 730 478 814 publicam,
508 750 581 794 cum
608 730 731 793 sinete
760 732 845 792 stare
866 749 932 791 non
953 729 1078 811 posset.

106 836 300 899 quamquam
327 815 363 878 in
384 815 455 878 istis
477 814 604 897 quidem
625 813 769 896 partibus
794 834 862 876 non
884 812 987 876 caruit
1007 812 1076 896 pri·

106 900 192 963 stine
206 900 369 981 firmitate,
391 899 438 963 ibi
459 919 534 962 uero
556 919 657 981 paene
677 898 823 962 funditus
847 896 967 960 comuit
987 895 1078 960 unde

106 985 152 1067 tu,
174 983 378 1066 Maximiane,
402 983 591 1048 decesseras.
635 982 714 1047 adeo
736 982 803 1046 illic
824 981 997 1064 plurimum
1018 979 1077 1044 ha·

69 1067 221 1131 abuerat
243 1067 428 1132 stabilitatis
450 1070 572 1131 asserta
594 1067 650 1131 ubi
671 1067 796 1131 deserta
817 1065 955 1129 maxime
975 1063 1078 1129 uacil-

107 1152 197 1216 lauit.
242 1174 310 1217 non
338 1152 433 1216 aliter
458 1152 543 1216 enim
564 1173 660 1235 quam
682 1151 763 1215 solet
783 1154 870 1214 terra
890 1149 996 1214 uentis
1018 1153 1080 1214 aut

108 1237 199 1320 aquis
221 1238 330 1302 subter
344 1237 496 1301 immissis
516 1236 694 1300 interuulsa
709 1238 758 1300 sui
773 1234 934 1299 soliditate
950 1235 1081 1318 nutare,

109 1324 225 1386 cuncta
256 1320 350 1386 ltalia
385 1325 420 1385 at
442 1344 481 1386 ue
513 1322 584 1404 ipsa
614 1319 718 1384 Rome
754 1319 908 1384 subducta
941 1321 1080 1403 repente

108 1427 171 1489 qua
210 1408 386 1471 sustentata
418 1343 526 1469 iuerat
557 1405 688 1469 dextera
720 1409 776 1469 tua
813 1405 1007 1468 contremuit
1038 1424 1079 1468 ac

70 1510 95 1550 ¹⁵
108 1490 583 1637 tttttttttltllttt⁰
607 1487 1080 1637 tltttttttttttl

108 1658 214 1721 reditu
240 1657 410 1721 restituta?
454 1657 531 1721 fecit
560 1621 646 1721 ebim
670 1657 771 1722 Roma
797 1657 868 1741 ipsa
894 1677 953 1741 pro
979 1656 1080 1720 maie-

110 1744 192 1805 state
219 1742 359 1804 nominis
387 1742 436 1804 sui
463 1744 500 1804 ut
521 1741 705 1805 ostenderet
726 1763 820 1826 posse
843 1763 876 1805 se
899 1741 997 1804 etiam
1018 1741 1080 1804 im-

110 1824 310 1907 peratoribus
350 1825 517 1907 imperare.
567 1825 701 1889 abduxit
735 1827 892 1890 exercitus
928 1845 1002 1889 suos
1039 1846 1080 1889 aa

72 1907 171 1972 cotibi
192 1907 331 1970 reddidit
353 1910 399 1991 et,
423 1930 495 1972 aum
517 1909 558 1972 ad
580 1910 738 1974 sedandos
760 1910 885 1974 animos
906 1909 1080 1973 auctorita-

109 1995 176 2055 tem
197 1993 316 2075 priuati
336 1992 491 2075 principis
514 1993 683 2078 attulisses,
706 1995 865 2078 supplices
879 1993 941 2057 tibi
962 2014 1082 2057 manus

110 2075 246 2140 tendens
268 2075 320 2141 uel
341 2077 449 2161 potius
472 2079 670 2160 queribunda
693 2079 860 2144 clamauit:

174 2160 230 2226 XI.
255 2161 435 2246 ‘Quousque
453 2161 524 2245 boc,
549 2163 756 2245 Maximiano,
780 2163 883 2247 patiar
905 2182 956 2225 me
978 2161 1080 2244 quati,

109 2249 142 2310 te
164 2247 336 2330 quiescere,
358 2247 438 2311 mihi
458 2247 640 2313 libertatem
662 2248 769 2325 adimi,
792 2252 825 2311 te
847 2267 1001 2328 usurpare
1017 2245 1080 2310 tibi

71 2348 97 2390 as
110 2331 257 2395 illicitam
284 2331 494 2396 missionem?
538 2355 596 2416 an,
627 2333 711 2416 qnod
733 2332 807 2395 diuo
829 2332 976 2416 Augusto
1005 2333 1083 2414 post

110 2417 316 2498 septuaginta
339 2419 463 2497 aetatis,
486 2417 721 2563 quinquapinta
738 2416 864 2499 imperii
887 2436 990 2480 annos
1012 2436 1080 2479 non

109 2498 210 2579 licuit,
233 2503 300 2562 tam
324 2500 387 2562 cito
402 2499 494 2563 licuit
507 2501 568 2564 tibi
613 2501 624 2563 i
648 2521 727 2564 eone
746 2505 778 2564 te
800 2499 881 2564 mihi
900 2499 965 2581 ille,
989 2500 1082 2563 cuius
1126 2574 1139 2587 l

110 2584 160 2644 tot
182 2603 270 2663 aras,
292 2586 343 2645 tot
357 2583 490 2665 templa,
513 2586 563 2646 tot
584 2585 716 2648 nomina
739 2585 825 2666 colo,
849 2582 1005 2648 Hercules
1028 2583 1081 2646 de·

112 2664 160 2728 dit
181 2669 218 2728 ut
237 2669 275 2728 tu
297 2667 332 2728 in
354 2666 535 2729 suburbano
557 2667 630 2730 otiis
652 2672 685 2732 te
700 2668 819 2732 dedens
841 2689 933 2732 usum
955 2666 1084 2730 dicatae

72 2767 99 2807 ac
112 2748 192 2812 mihi
214 2749 342 2813 uirtutis
365 2749 551 2813 amitteres?
577 2750 672 2814 redde
694 2754 727 2815 te
749 2751 975 2837 gubernaculis
998 2751 1084 2814 meis

182 2939 275 3002 lipsa
293 2938 384 3005 om.W
408 2935 417 3003 ll
441 2938 546 2988 8unde
563 2943 593 2989 tu
614 2951 649 2988 w:
668 2939 738 2989 unde
757 2944 788 2989 ut
806 2945 838 2989 tu
855 2943 883 2989 Η
905 2937 915 3004 ΙΙ
939 2938 1079 2991 edisce·-

112 3020 191 3055 seras
208 3007 243 3061 Η,
262 3008 370 3054 correoei
383 3004 388 3070 Ι
403 3002 475 3072 illic]
493 3007 538 3056 hic
551 3008 584 3055 W
596 3004 606 3072 ΙΙ
620 3009 651 3056 12
669 3013 775 3057 mutare
790 3006 836 3072 Al
850 3011 880 3058 13
899 3013 999 3057 cuncta
1017 3022 1081 3073 epo:

111 3072 152 3122 ita
170 3075 270 3122 cuncta
282 3073 309 3119 11
327 3088 362 3122 ex
379 3075 483 3135 ditcoqr.
501 3091 526 3124 a.
543 3090 596 3139 seq.
610 3072 620 3138 ΙΙ
634 3076 666 3123 14
683 3078 842 3124 sustentata
860 3088 897 3122 rr:
917 3078 1040 3125 sustenta
1051 3073 1082 3122 1

113 3135 127 3204 ll
148 3141 179 3190 16
199 3154 248 3188 eur
265 3139 336 3188 enim
351 3139 472 3189 Bcvrr:
493 3142 565 3191 enim
585 3157 633 3191 cur
645 3142 667 3189 Δ
679 3139 689 3206 ΙΙ
703 3143 734 3192 16
752 3141 817 3191 belli
833 3145 941 3205 scripsi:
959 3141 1007 3193 nel
1018 3142 1045 3189 H
1065 3138 1079 3208 ll

112 3208 144 3257 19
164 3207 299 3258 abductus
317 3208 350 3255 W
370 3204 374 3271 Ι
398 3205 549 3273 exercitus]
568 3215 710 3259 exarcatus
728 3209 751 3258 A
769 3218 794 3260 et
811 3211 844 3258 W
860 3225 914 3258 cum
931 3211 1004 3274 cipue
1022 3225 1080 3260 cor-

110 3277 238 3339 ruptelae.
259 3291 292 3323 on
311 3273 426 3324 adduxit
443 3280 550 3326 exteros
568 3277 724 3327 exercitus?
736 3275 747 3342 ll
760 3279 792 3326 22
810 3291 862 3341 que
881 3276 1045 3326 tribundaA
1066 3273 1079 3342 ΙΙ

111 3343 145 3391 24
163 3342 248 3391 adimi
266 3339 305 3407 te]
327 3341 445 3391 adimere
460 3355 485 3389 w
497 3341 507 3408 ll
520 3346 553 3394 25
572 3341 620 3408 an]
640 3349 688 3394 aut
700 3347 733 3394 W
745 3342 755 3410 ll
767 3345 800 3394 26
819 3358 907 3393 annos
925 3359 980 3394 non
997 3343 1084 3397 licuit

111 3409 134 3458 Α
146 3409 180 3456 W
191 3408 283 3459 Bora:
301 3424 356 3458 non
374 3408 454 3459 licuit
471 3425 557 3461 annos
570 3412 590 3461 B
603 3412 620 3460 0
632 3412 655 3459 V
666 3409 677 3476 ΙΙ
689 3413 722 3462 28
734 3411 856 3462 herculis
867 3410 929 3460 AW
940 3409 950 3477 ΙΙ
963 3413 996 3462 29
1015 3410 1086 3462 otiis

111 3480 141 3527 te
158 3475 259 3528 dedens
277 3477 384 3540 scripsi:
403 3477 471 3527 ociis
489 3479 590 3530 sedens
607 3479 634 3526 H
652 3480 756 3529 otiosus
774 3477 873 3529 sedens
892 3481 951 3530 edd.
