2294 3780
304 178 561 230 CONSTANTINO
580 177 761 230 AUGUSTO.
781 182 854 229 1-3.
1003 179 1061 242 181

91 327 161 392 fere
185 326 352 391 ciuitatum
374 331 430 391 aut
444 326 571 410 publice
593 327 682 390 missi
705 330 761 391 aut
778 348 837 411 pro
859 349 892 391 se
908 328 967 391 tibi
991 351 1063 411 sup-

92 412 194 496 plices
223 412 342 493 assint,
372 411 492 493 dicam,
526 412 714 495 imperator,
753 433 790 476 ea
818 433 900 496 quae
926 412 1063 477 libenter

92 517 264 583 agnoscas,
286 500 323 560 ut
345 496 442 560 ceteri
463 496 556 560 nobis
578 495 704 559 indulta
724 517 789 560 non
813 497 978 561 crederent
999 497 1062 561 uisi

92 586 126 646 te
148 584 344 666 agnoscente
366 580 526 644 dixissem.
577 581 715 664 primum
739 586 787 645 est
809 584 929 663 autern,
958 603 1063 645 sacra·

92 666 216 731 tissime
247 667 439 749 imperator,
475 665 509 728 in
537 666 670 749 agendis
736 667 809 730 atiis
836 666 1002 730 ostendere
1030 666 1088 730 ids

114 750 178 815 uod
193 749 354 814 indultum
376 749 419 813 sit
440 770 508 813 non
526 749 678 813 fortuitae
693 687 868 834 illicitans,
891 752 946 815 sed
961 753 1064 815 iustae

131 835 193 899 ‘sse
216 834 414 898 clementiae.
458 856 535 897 nam
562 855 634 898 cum
656 856 767 899 ornnes
789 835 934 900 homines
956 857 1063 903 coram

93 940 160 983 non
181 918 365 1005 indigentes
388 919 497 983 iuuare
520 919 596 982 boni
619 920 662 983 sit
682 921 853 1004 principis,
880 925 949 985 tum
971 942 1062 1004 prae-

93 1006 187 1088 cipue
222 1004 304 1068 bene
336 1003 459 1067 meritis
493 1007 525 1067 et
558 1005 702 1088 grauiter
738 1005 861 1070 affectis
894 1007 1063 1069 subuenire

93 1090 250 1173 sapientis
272 1091 329 1153 est
374 1087 459 1171 quod
482 1109 554 1152 eum
580 1089 750 1152 ostendero
779 1112 845 1153 non
865 1093 934 1152 tam
956 1090 1062 1154 studio
1077 1110 1102 1149 10

114 1172 326 1237 raedicandae
347 1172 472 1255 patriae
494 1194 584 1237 meae
606 1194 701 1256 quam
723 1174 829 1238 officio
844 1174 1063 1237 demonstran-

92 1196 153 1322 dae
180 1257 402 1341 prouidentiae
429 1260 520 1341 tuae,
550 1261 620 1320 tum
646 1258 812 1340 potissime
835 1258 1063 1321 beneficiorum

92 1346 223 1406 tuorum
244 1341 500 1426 magnitudinem
521 1362 696 1425 persequar
722 1342 840 1405 maiore
869 1345 944 1405 uoto
967 1363 1063 1424 quam

91 1427 236 1513 ingenio.
288 1448 445 1510 quaenam
472 1428 574 1512 igitur
600 1447 681 1509 gens
708 1429 777 1491 toto
804 1426 880 1489 orbe
906 1430 1063 1489 terrarum

92 1513 130 1575 in
174 1532 280 1575 amore
322 1510 461 1575 Romani
507 1511 645 1575 nominis
682 1510 804 1575 Aeduis
847 1532 881 1575 se
923 1510 1102 1595 postuletis

93 1595 271 1679 anteponi?
337 1596 370 1658 ui
401 1595 496 1678 primi
525 1596 667 1660 omnium
694 1596 780 1660 inter
809 1595 879 1660 illas
908 1597 1064 1660 immanes

93 1683 128 1744 et
149 1680 302 1744 barbaras
355 1679 449 1744 alliae
471 1685 585 1764 gentes
608 1680 753 1764 plurimis
776 1680 1064 1745 senatusconsultis

92 1765 211 1828 fratres
233 1765 345 1848 populi
366 1763 504 1828 Romani
527 1765 680 1849 appellati
703 1769 847 1848 suntet,
878 1787 949 1830 cum
973 1788 991 1828 a
1014 1786 1063 1829 ce-

92 1849 174 1913 teris
196 1870 217 1913 o
238 1848 397 1912 Rhodano
421 1850 461 1913 ad
484 1849 632 1913 Rhenum
660 1872 759 1934 usque
781 1851 909 1934 populis
935 1873 977 1914 ne
999 1871 1064 1934 pax

92 1932 223 2018 quidem
245 1938 353 2017 posset
374 1935 438 1997 nisi
458 1938 608 2018 suspecta
631 1936 768 2020 sperari,
799 1936 876 1999 olim
899 1937 964 1999 iam
987 1956 1063 1999 eon·
1077 1956 1102 1993 ec

94 2018 327 2103 sanguinitatis
342 2019 473 2082 nomine
488 2019 618 2103 gloriati
634 2023 709 2084 sunt
728 2023 761 2083 et
774 2042 885 2103 nuper,
908 2024 945 2083 ut
960 2019 1064 2082 media

93 2106 304 2186 praeteream,
329 2102 439 2166 diuum
460 2102 630 2168 Claudium
652 2107 817 2186 parentem
840 2107 931 2166 tuum
954 2103 993 2166 ad
1016 2123 1063 2165 re-

93 2186 293 2270 cuperandas
316 2186 437 2251 Gallias
460 2188 519 2252 soli
542 2190 739 2251 uocauerunt
760 2190 793 2250 et
814 2190 888 2249 ante
910 2186 1063 2268 paucissi-

93 2293 164 2335 mos
193 2292 309 2350 annea,
347 2272 432 2354 quod
458 2273 598 2336 maxime
648 2270 889 2351 medicandum,
925 2270 1064 2352 plurima

92 2355 196 2439 patris
218 2356 266 2420 tui
282 2356 438 2420 beneficia
460 2357 578 2440 partim
595 2294 690 2419 relus
713 2354 827 2418 effecta
841 2357 1062 2438 perceperunt,
1076 2373 1102 2413 as

91 2441 213 2523 partim
236 2440 343 2504 animo
365 2440 549 2525 significata
570 2440 742 2504 laetantur.

159 2523 218 2588 III.
251 2524 329 2588 Fuit
350 2525 426 2589 olim
449 2524 610 2609 Saguntos
632 2525 804 2607 foederata,
827 2523 882 2587 sed
905 2545 974 2587 cum
998 2524 1063 2586 ism

92 2608 202 2673 taedio
224 2608 338 2673 Punici
360 2610 436 2674 belli
464 2631 585 2674 nouare
610 2609 779 2693 imperium
808 2609 911 2672 omnis
934 2611 1064 2691 cuperet

92 2692 270 2778 Hispania3
292 2694 355 2757 fuit
377 2695 479 2758 amica
495 2694 648 2779 Massilia,
672 2695 727 2759 sed
747 2694 873 2778 protegi
895 2694 1064 2757 maiestate

92 2776 243 2841 Romana
271 2779 506 2863 gratulabatur,
540 2780 738 2863 imputauere
765 2800 798 2843 se
826 2779 952 2860 origine
973 2777 1062 2840 fabu-
1076 2798 1103 2837 ao

163 2968 179 3014 ‘2
200 2974 298 3016 assunt
314 2969 337 3015 A
354 2965 363 3030 ΙΙ
380 2968 396 3015 4
414 2983 469 3016 sae.
487 2970 510 3016 A
523 2970 543 3017 B
556 2970 573 3016 0
585 2968 619 3016 V:
639 2982 717 3016 sacer
734 2969 767 3014 W
785 2967 877 3016 illatae.
895 2964 905 3031 ΙΙ
923 2968 938 3015 7
959 2960 1062 3030 coram]

93 3034 178 3083 etiarn
197 3035 230 3082 W
246 3032 257 3099 ΙΙ
275 3035 290 3084 8
310 3029 379 3099 tum]
400 3038 490 3084 tamen
508 3036 531 3084 A
547 3033 557 3098 ΙΙ
575 3037 591 3084 9
609 3036 724 3084 afflictis
744 3036 877 3083 Acidaliae
895 3032 905 3098 ΙΙ
923 3037 954 3085 10
974 3038 1064 3083 osten-

93 3100 161 3150 dero
179 3101 254 3151 Bert.
272 3116 309 3149 w:
334 3102 475 3151 ostendere
492 3104 519 3150 tt
542 3101 552 3167 ΙΙ
578 3106 609 3153 13
627 3109 701 3151 tuam
718 3110 778 3165 post
795 3103 1012 3166 magnitudinem
1031 3101 1062 3161 A,

92 3178 154 3219 unte
172 3171 275 3218 maiore
294 3170 422 3217 ΜΠ
435 3171 528 3220 Malae.
549 3172 660 3220 addunt:
679 3186 726 3219 ont.
739 3169 814 3219 Bert.
833 3167 837 3231 Ι
855 3185 1006 3234 persequar
1024 3182 1064 3216 m:

91 3238 290 3301 prosequar!
310 3234 320 3300 fl
348 3240 377 3287 to
396 3253 413 3286 a
432 3238 580 3287 Acidniins:
597 3253 643 3286 om.
663 3238 691 3284 1
714 3234 724 3301 ΙΙ
748 3240 781 3287 20
800 3234 865 3286 olim
883 3238 937 3286 iam
955 3238 1064 3300 scripsi:

92 3305 146 3354 soli
164 3305 192 3351 Ι
212 3305 296 3354 etiam
314 3306 336 3351 A
354 3305 387 3350 W
404 3304 479 3353 liert.
497 3306 589 3357 Malnt.
608 3311 634 3353 et
650 3305 671 3353 B
690 3302 773 3368 0711
794 3308 827 3355 ⁶2ss
845 3304 1028 3369 significatam
1047 3306 1065 3352 ὓ

94 3370 107 3435 i}
136 3373 170 3421 at
189 3369 326 3436 Saguntos
344 3373 374 3419 0:
399 3375 531 3435 sagyntcs
547 3373 571 3420 A
589 3373 611 3419 V
630 3373 723 3423 Mnlnt.
748 3373 875 3435 sagintos
891 3373 912 3419 B
930 3375 1073 3434 sagmas

91 3437 145 3503 'l
166 3441 199 3489 '29
218 3439 265 3489 sed
284 3439 391 3503 protegi
408 3441 516 3505 scripsi:
536 3440 646 3507 protegi
664 3456 695 3492 se
710 3441 743 3488 ll
760 3440 812 3490 sed
826 3439 945 3504 protegi
960 3453 996 3485 se
1015 3434 1091 3480 litm-

92 3508 166 3557 neias
184 3503 199 3569 l
220 3510 255 3557 30
269 3507 375 3556 romani
392 3505 429 3571 A;
448 3526 483 3560 nn
501 3526 530 3578 p.
549 3511 682 3564 romani?
