2294 3780
363 846 750 930 PRAEFATIO.

509 1036 610 1045 0——

133 1153 185 1213 De
200 1152 268 1212 XII
282 1153 542 1232 panegyricorum
552 1154 719 1214 latinorum
733 1154 890 1214 codicibus
906 1157 959 1234 qui
975 1175 1042 1214 cum

73 1238 175 1316 aliquo
212 1239 312 1297 fructu
345 1235 524 1298 disseruerit
556 1238 658 1297 adhuc
690 1240 792 1297 extitit
822 1259 923 1298 nemo.
971 1258 1042 1298 nam

73 1341 176 1401 neque
195 1321 291 1400 Hugo
309 1321 460 1382 Ruehlius
483 1324 516 1382 in
539 1322 757 1382 dissertatione
773 1320 1042 1401 Gryphiswaldiae

73 1427 99 1464 a.
120 1407 205 1466 1868
228 1404 321 1479 edite,
345 1407 394 1466 cui
416 1407 595 1486 inscriptum
617 1417 664 1466 est
687 1405 738 1466 ‘de
756 1405 824 1465 XII
845 1409 1042 1487 panegyricis

71 1490 178 1550 latinis
201 1489 487 1568 propaedeumata’,
515 1510 618 1570 neque
645 1509 720 1550 uero
742 1490 896 1551 Henricus
918 1492 1042 1551 Keilius

70 1577 103 1634 in
131 1574 232 1633 Plinii
259 1575 460 1653 epistularum
495 1574 641 1636 editionis
669 1577 848 1655 ceteroquin
875 1576 1042 1637 laudabilis

70 1659 201 1738 Lipsiae
228 1678 255 1718 a.
284 1659 367 1718 1870
394 1661 523 1721 emissae
549 1659 745 1739 praefatione
778 1659 822 1739 [p.
850 1660 1042 1720 XXXIX-

69 1739 165 1821 XLI]
195 1744 408 1821 quaestionem
435 1754 467 1804 et
494 1744 706 1805 difficillimam
734 1755 766 1804 et
786 1745 1042 1805 taediosissimam

70 1828 203 1888 multum
224 1828 414 1906 promouiase
437 1829 586 1890 censendi
608 1838 690 1887 sunt.

137 1910 269 1972 Codices
292 1912 323 1970 in
345 1913 426 1972 hanc
444 1912 614 1974 editionem
636 1913 702 1974 siue
723 1935 742 1974 a
761 1933 809 1974 me
831 1914 897 1973 siue
918 1912 957 1972 ab
973 1914 1042 1972 aliis

69 1997 147 2056 uiris
164 1995 262 2055 doctis
282 1996 335 2055 uel
349 1997 484 2076 inspecti
504 1998 555 2058 ael
570 1997 674 2057 collati
690 2007 763 2057 sunt
776 1999 818 2070 hi,
842 1998 965 2057 saeculo
980 1997 1043 2056 XV

69 2078 272 2140 adscribendi
294 2100 414 2143 omnes:

151 2163 176 2222 I.
201 2164 300 2224 codex
317 2165 569 2226 Durlacensis
592 2167 631 2225 36
655 2165 791 2237 membr,
816 2166 888 2225 olim
904 2166 1042 2225 Schwar-

200 2249 308 2308 aianus
333 2247 392 2327 (g),
423 2250 462 2310 de
489 2268 551 2328 quo
578 2250 616 2310 cs.
638 2248 789 2308 Ruehlius
811 2248 832 2306 l.
855 2248 874 2310 l.
901 2268 932 2326 p.
956 2251 974 2307 9
997 2268 1042 2328 sq.

200 2333 268 2411 ipse
289 2333 418 2412 Lipsiae
440 2352 467 2394 a.
492 2335 572 2393 1871
596 2334 722 2394 contuli.

132 2417 177 2475 II.
202 2417 268 2477 cod.
294 2418 542 2478 Monacensis
570 2437 640 2478 mss.
669 2419 722 2478 lat.
754 2418 815 2478 309
845 2417 940 2478 chart.
970 2414 983 2497 (
1015 2412 1039 2496 ).

200 2500 269 2579 ipse
296 2502 413 2561 contuli
439 2522 512 2582 pan.
535 2502 693 2577 II-XII3
730 2521 802 2561 nam
824 2503 914 2581 primi
936 2503 1041 2563 lectio·

200 2604 271 2658 nes,
294 2595 329 2645 ut
350 2594 382 2646 et
402 2587 437 2645 in
457 2600 493 2659 u,
517 2586 605 2647 dedit
626 2587 758 2647 Keiliue.

6 2710 9 2753 :
112 2669 176 2728 III.
200 2668 268 2729 cod.
296 2669 546 2730 Monacensis
573 2690 643 2731 mss.
672 2670 810 2730 lassos
841 2671 935 2730 chart.
975 2671 1041 2731 eius

201 2753 356 2832 specimen
378 2754 591 2815 intercedente
609 2753 643 2815 Ο.
661 2755 785 2814 Halmio
808 2755 942 2814 confecit
957 2753 1041 2815 Guil.

199 2837 319 2917 Meyer.

6 2938 9 2951 ·
117 2921 175 2980 IV.
200 2921 267 2981 cod.
278 2921 560 2983 Riccardianus
574 2925 636 2983 819
648 2922 745 2983 chart.
760 2917 813 3002 (ς).
834 2924 902 3000 ipse
914 2922 1041 2983 contuli.

135 3005 173 3064 V.
198 3005 266 3066 cod.
281 3005 490 3067 Vaticanus
510 3009 592 3067 3461
609 3005 733 3067 membr.
752 3002 805 3083 (ς).
829 3008 897 3085 ipse
913 3007 1039 3067 contuli.

117 3089 176 3150 VI.
198 3089 264 3151 cod.
277 3090 484 3151 Vaticanus
502 3093 582 3151 1775
597 3090 722 3150 membr.
737 3089 812 3166 (W).
830 3091 897 3169 ipse
913 3092 1039 3152 contuli.

6 3210 8 3247 :
98 3174 174 3234 VII.
197 3175 266 3235 cod.
282 3174 489 3236 Vaticanus
513 3178 593 3235 1776
613 3175 709 3235 chart.
733 3171 796 3253 (V).
825 3175 894 3254 ipse
912 3175 1038 3236 contuli.

6 3264 9 3345 j
80 3258 171 3319 VIII.
197 3259 265 3319 cod.
285 3260 520 3338 Reginensis
538 3261 618 3318 1475
642 3258 768 3318 membr.
794 3255 847 3336 (r).
875 3280 948 3338 pan.
964 3261 981 3319 1
1000 3259 1039 3317 A.

6 3356 9 3377 ³
199 3342 282 3418 Mau,
305 3343 451 3404 II-XII
473 3343 510 3405 G.
533 3343 648 3404 Kaibel
671 3343 880 3405 coutulerunt.
