2294 3780
117 148 158 212 74
438 150 459 201 1.
497 148 526 201 c.
545 145 760 199 perunxere.

115 299 203 381 loqui
221 298 283 362 uis.
313 319 448 362 onerosa
470 298 532 360 erit
553 296 727 360 modestiae
749 296 878 359 illorum
895 294 985 358 tertii
1007 315 1083 359 con·

115 384 236 446 sulatus
269 383 318 445 sui
344 381 532 462 recordati0,
567 381 668 444 donec
697 384 729 444 te
755 381 883 463 saepius
916 379 1083 444 consulem

115 467 257 530 uideant.
301 487 405 548 neque
434 465 518 528 enim
541 468 646 548 potest
673 486 739 528 non
767 463 902 528 nimium
926 484 996 527 esse
1017 464 1084 547 pri-

115 552 198 615 uatis
221 549 303 632 quod
318 549 457 632 principi
480 551 556 613 satis
572 552 631 613 est.
662 549 793 626 adnuae,
817 547 944 626 Caesar,
968 552 1083 631 optan·
1125 560 1129 565 '

89 636 211 715 atibus,
235 633 410 716 quibusque
433 633 516 717 apud
532 634 605 697 deos
622 633 733 697 adesse
755 632 924 715 consuesti,
946 652 1083 713 quorum

116 721 206 800 potes
228 718 297 798 ipse
319 721 464 781 uotorum
487 721 648 800 compotes
670 717 779 780 facias.
834 722 837 727 ’

178 800 323 865 LXXIX.
367 801 440 865 Tibi
467 802 603 864 fortasse
632 802 770 865 sufficiat
796 801 909 864 tertius
935 799 1083 863 consula·

115 889 183 949 tus:
220 885 274 948 sed
297 886 390 949 nobis
416 887 636 949 tantominus
659 885 786 949 sufficit.
831 884 885 948 ille
907 904 967 948 nos
989 883 1082 947 insti-

115 968 178 1031 tuit
199 973 231 1033 ct
249 970 377 1033 induxit
399 973 434 1032 ut
453 972 485 1032 te
504 970 619 1033 iterum
641 970 818 1052 iterumque
841 969 1002 1032 consulem
1024 967 1082 1030 ha-

77 1077 102 1115 ro
115 1053 189 1115 berc
218 1054 391 1137 cupiamus.
440 1055 603 1118 remissius
631 1053 714 1117 istud
745 1051 1023 1134 contenderemus,
1053 1053 1082 1115 si

116 1137 219 1201 adhuc
247 1139 441 1206 nesciremus
463 1138 571 1220 qualis
594 1159 679 1201 esses
702 1137 844 1201 futurus:
881 1134 1082 1200 tolerabilius

115 1222 178 1285 fuit
210 1223 462 1306 experimentum
495 1223 543 1285 tui
577 1222 669 1286 nobis
706 1243 800 1304 quam
832 1241 925 1284 usum
957 1221 1080 1303 negari.

116 1306 284 1371 dabiturne
317 1329 424 1370 rursus
461 1307 569 1370 uidere
603 1306 764 1370 consulem
798 1305 911 1369 illum?
961 1303 1080 1382 audiet,

115 1392 227 1455 reddet
259 1413 336 1474 quas
365 1391 507 1473 proxime
540 1413 633 1455 uoces
662 1389 900 1474 praestabitque
926 1387 1082 1473 gaudium

76 1496 102 1536 15
115 1481 270 1558 quantum
284 1476 352 1557 ipse
368 1475 544 1558 percipiet?
567 1475 761 1557 praesidebit
770 1474 912 1538 laetitiae
923 1473 1080 1556 publicae,

116 1562 226 1620 auctor
249 1558 315 1620 eius
338 1562 371 1621 et
392 1580 502 1640 causa,
532 1559 765 1642 temptabitque
787 1559 918 1622 affectus
939 1563 1080 1639 nostros,

115 1644 152 1704 ut
179 1641 274 1720 solet,
306 1641 478 1705 cohibere?
515 1664 581 1705 non
604 1643 735 1725 poterit,
769 1645 829 1706 crit
856 1641 969 1725 pietati
995 1645 1081 1705 certe

116 1730 244 1788 senatus
274 1748 346 1789 cum
374 1726 531 1788 modestia
556 1727 711 1809 principis
736 1725 814 1790 felix
842 1726 1082 1822 speciosumque

116 1813 291 1891 certamen,
315 1831 371 1872 seu
392 1810 489 1873 fuerit
511 1809 598 1873 uicta
620 1832 675 1874 seu
697 1810 819 1874 uicerit.
863 1809 1009 1892 equidem
1030 1831 1081 1873 rn-

75 1915 103 1952 ao
117 1893 280 1974 cognitam
308 1894 466 1976 quandam
492 1895 700 1978 proximaque
731 1896 883 1958 maiorem
910 1915 1080 1977 praesumo

116 1975 282 2041 laetitiam.
325 1979 394 2060 quis
423 1979 508 2042 enim
536 1981 584 2041 est
605 1981 673 2042 tam
700 1978 851 2058 imbecilli
873 1979 1004 2063 ingenio
1027 1979 1083 2061 qui

114 2082 181 2124 non
202 2064 293 2125 tanto
316 2062 479 2126 meliorem
501 2062 666 2126 consulem
685 2067 793 2146 speret
815 2065 932 2144 quanto
954 2063 1081 2146 saepius

101 2145 234 2220 ‘fueriti
280 2147 361 2210 alius
389 2169 422 2210 se
450 2168 469 2210 a
498 2148 652 2211 continuo
674 2147 798 2230 labore,-
829 2147 888 2210 etsi
910 2167 977 2210 non
1000 2146 1081 2210 desi·

116 2230 186 2295 diae
208 2252 245 2295 ac
267 2232 423 2315 uoluptati
445 2232 601 2314 dedisset,
629 2234 694 2296 otio
716 2236 825 2295 tamen
852 2234 884 2294 et
905 2231 1012 2315 quiete
1034 2233 1082 2294 r‘e·

74 2333 102 2372 as
117 2319 271 2380 creasset:
318 2317 372 2380 hio
405 2314 625 2381 consularibus
656 2317 740 2380 curis
769 2316 929 2381 exsolutus
962 2315 1080 2397 princi-

115 2399 205 2480 pales
227 2401 415 2483 resumpsit,
448 2405 513 2464 tam
537 2400 674 2485 diligens
697 2399 942 2483 temperamenti
964 2400 1000 2461 ut
1021 2420 1081 2463 nec

117 2482 254 2544 consulis
282 2485 421 2547 officium
450 2485 600 2566 princeps
627 2507 687 2548 nec
710 2484 865 2567 principis
894 2483 1005 2546 consul
1027 2482 1082 2546 ad-

115 2567 247 2645 peteret.
276 2568 419 2629 uidemus
442 2570 478 2630 ut
499 2568 740 2648 prouinciarum
762 2567 936 2648 desideriis,
958 2569 995 2629 ut
1016 2566 1081 2631 sin·

185 2788 198 2834 1
218 2786 284 2834 terti
301 2784 396 2835 consul
412 2789 436 2834 Β
456 2784 466 2850 ΙΙ
487 2788 502 2835 2
522 2785 643 2851 saepius]
662 2803 780 2851 saep...
799 2791 834 2837 R:
853 2805 899 2840 om.
918 2790 946 2835 1
966 2785 976 2852 ΙΙ
1000 2787 1082 2838 tad-

116 2850 186 2919 esse]
206 2856 299 2903 essee
324 2851 328 2914 Ι
353 2851 477 2918 quorum]
499 2854 549 2905 hos
568 2855 667 2917 quibus
684 2858 708 2903 Β
730 2853 740 2919 ll
765 2857 827 2920 oip
843 2893 865 2906 ..
884 2861 1011 2904 uotorum
1029 2855 1083 2916 (uel

115 2919 250 2980 ueterum)
272 2925 384 2985 sopotes
402 2923 425 2971 Β
445 2918 455 2985 l
476 2924 491 2971 ‘I
510 2923 562 2972 tibi
579 2925 615 2970 R:
637 2939 684 2972 om.
703 2925 731 2970 Ι
752 2921 761 2988 {l
782 2925 798 2973 8
816 2923 915 2974 instita
933 2922 1041 2972 induxit
1058 2924 1082 2969 Β

115 2986 268 3049 iterumque
287 3004 333 3038 orn.
352 2989 385 3036 W
414 2985 423 3052 ΙΙ
455 2991 483 3038 11
503 2990 671 3040 nesciremus
688 2993 723 3039 R:
743 3005 797 3039 non
816 2991 946 3040 sciremus
963 2991 991 3036 Ι
1014 2987 1024 3054 fl
1050 2991 1082 3037 12

115 3055 195 3102 nobis
213 3071 259 3103 om.
273 3057 306 3102 W
318 3053 328 3119 ΙΙ
342 3057 373 3104 14
392 3055 533 3120 reddetque
545 3059 568 3105 Β
579 3055 589 3121 ΙΙ
604 3058 634 3106 17
653 3073 707 3106 non
719 3059 754 3106 Bt
773 3072 824 3106 nec
835 3060 862 3105 Μ
876 3055 881 3121 1
898 3058 950 3106 erit
962 3059 1082 3121 Lipsius:

114 3123 222 3172 oman
237 3120 241 3184 Ι
257 3128 328 3172 certe
340 3124 375 3172 B:
390 3139 437 3173 om.
447 3126 474 3171 Μ
486 3121 496 3188 ΙΙ
509 3125 541 3173 20
554 3125 689 3189 quondam
700 3126 903 3189 proximamque
916 3124 1048 3174 maiorum
1058 3126 1082 3173 Β

116 3183 129 3252 ΙΙ
140 3189 171 3236 21
187 3185 241 3254 est]
256 3205 288 3236 ex
299 3192 323 3237 Β
338 3190 342 3252 l
357 3190 488 3239 imbecilli
500 3193 575 3243 edd:
587 3191 718 3241 modicilli
729 3194 757 3239 Η
768 3191 913 3242 modicello
926 3206 951 3239 w
962 3190 1046 3242 docili
1057 3193 1081 3239 Β

114 3253 256 3320 ἰηᾶοοίἰὶς
271 3256 275 3317 Ι
291 3257 338 3319 qui
356 3274 401 3307 orn.
414 3259 437 3305 Β
449 3255 458 3321 ΙΙ
471 3260 503 3307 23
522 3258 593 3309 alius
613 3274 642 3309 se
661 3275 677 3308 a
695 3260 825 3308 continuo
845 3259 940 3310 labora
957 3259 1008 3310 cisi
1025 3274 1082 3308 non

115 3323 151 3369 R:
170 3321 241 3374 alius
259 3324 313 3372 sibi
331 3339 386 3373 non
405 3325 551 3374 continuos
569 3325 677 3377 labores
695 3326 752 3374 BV
769 3326 840 3375 alius
858 3326 964 3377 labores
983 3327 1007 3375 si
1026 3341 1081 3374 nori

114 3393 260 3441 continuos
280 3393 296 3440 0
312 3392 345 3439 W
360 3390 363 3455 Ι
380 3392 483 3441 desidia
501 3408 533 3440 ac
553 3393 743 3444 uoluntatibus
761 3395 785 3440 Β
808 3390 818 3457 ΙΙ
841 3395 874 3442 24
892 3396 950 3443 utio
968 3396 991 3443 Β
1014 3391 1024 3458 ΙΙ
1047 3396 1082 3443 ’26

114 3454 176 3523 nec]
197 3473 231 3508 ne
249 3461 273 3506 Β
285 3457 295 3523 ΙΙ
307 3461 340 3510 28
359 3459 498 3510 uideamus
517 3461 540 3509 Β
