2294 3780
107 173 169 252 258
451 175 497 225 xi.
528 173 738 227 minuamur

108 345 182 387 nem
207 324 415 407 cupiditatem
438 327 507 386 sine
530 323 599 406 spei
622 323 745 387 solatiis
768 322 845 386 foui.
883 322 969 386 unde
992 324 1079 386 enim

108 408 187 471 mihi
216 407 377 491 aspirandi
406 408 445 470 ad
468 408 529 470 hoo
556 428 674 470 nomen
699 410 782 470 esset
810 407 952 470 amentia
981 428 1080 490 opum

108 514 209 556 uacuo
231 497 263 556 et
278 493 392 575 ignaro
410 490 597 554 ambiundi?
620 512 696 553 nam
711 492 849 574 primum
871 513 942 555 cnm
958 489 1082 556 Caesar

109 599 203 658 essee,
226 579 422 643 marcentem
445 577 508 638 iam
524 574 707 658 cupiditatis
723 597 811 639 meae
826 576 987 640 flammam
1009 577 1080 659 spei

82 662 210 724 sbonae
232 659 360 723 flatibus
384 660 545 722 excitasti:
583 681 654 723 cum
677 681 752 722 uero
775 663 817 743 te,
840 660 998 744 Auguste,
1021 661 1081 724 mi-

108 744 234 808 rificum
249 744 452 808 innocentiae
474 765 511 807 ac
527 744 682 807 uirtutum
700 748 909 826 spectatorem
926 744 1079 828 uiderem,

108 833 187 891 tunc
209 848 351 891 mecum:
390 827 517 892 ‘Claudi
540 827 746 908 Mamertine‚
769 849 836 892 non
858 828 979 892 frustra
1002 829 1080 893 huc·

109 934 146 975 us
169 932 209 974 ue
229 912 349 975 uixisti.
394 911 492 976 habes
514 912 665 975 idoneum
687 912 760 975 fidei
786 916 879 996 atque
901 913 1081 977 industriae

108 934 255 1059 iudicem.
301 1001 463 1062 memento
489 997 524 1059 in
551 1017 670 1080 magno
700 1017 751 1060 res
773 1000 845 1060 tuas
874 1017 942 1061 esse
965 997 1079 1061 discri-

71 1080 204 1144 romine.
250 1080 368 1144 scietur
395 1101 462 1143 non
489 1078 642 1144 meruisse
664 1084 696 1144 te
724 1081 938 1164 consulatum,
968 1081 997 1145 si
1018 1082 1080 1146 tibi

108 1186 174 1227 non
199 1163 348 1228 detulerit
370 1162 423 1228 hic
445 1165 642 1246 imperator.'

172 1247 293 1312 XVIII.
317 1247 435 1327 Habea,
458 1251 615 1332 Auguste,
637 1248 852 1332 proditionem
874 1248 995 1313 silentii
1016 1251 1080 1315 mei

109 1336 141 1396 et
162 1354 229 1409 rem
252 1356 271 1396 a
293 1354 343 1396 me
370 1354 437 1395 non
459 1332 565 1396 breuis
594 1333 666 1396 aeui
687 1332 906 1396 taciturnitate
929 1334 1079 1402 celatam.

108 1417 250 1480 nondum
270 1420 380 1480 tamen
402 1420 517 1480 cuncta
534 1415 740 1499 prodidimus.
768 1417 891 1482 nullum
913 1416 990 1482 hinc
1013 1420 1080 1483 iam

71 1522 234 1564 rumetum
256 1501 329 1564 uolo
347 1501 466 1564 referre
489 1504 660 1582 secretum3
683 1502 790 1564 omnia
806 1501 945 1584 pectoris
961 1524 1080 1567 arcana

108 1585 261 1649 uacuabo.
306 1585 525 1668 suspendisses
553 1585 805 1648 beniuolentiam
831 1589 920 1649 tuam
949 1589 982 1650 et
1004 1591 1079 1650 tuae

108 1669 163 1732 isti
184 1670 219 1732 in
242 1690 292 1732 me
312 1668 500 1732 liberalitati
524 1672 636 1733 contra
657 1691 761 1734 mores
776 1672 848 1734 tuos
870 1669 999 1734 artificii
1022 1672 1078 1735 ali-

108 1752 183 1835 quid
217 1753 404 1835 addidisses3
445 1753 583 1816 forsitan
616 1775 790 1837 rogassem.
833 1755 924 1837 parui
960 1759 1079 1837 autem,

108 1836 297 1917 imperator,
330 1839 423 1916 putas
454 1857 522 1900 esse
551 1837 695 1901 beneficii
724 1839 806 1920 quod
834 1839 970 1922 rogandi
998 1840 1079 1907 mihi

70 1937 95 1976 ao
108 1918 285 2001 periculum
307 1919 480 1982 remisisti?
502 1920 692 2004 periculum·
711 1923 852 2005 inquam,
875 1925 1078 1988 sanctissime

108 2003 290 2085 imperator.
335 2003 362 2066 si
384 2008 554 2152 praestare
583 2004 777 2088 dubitasses,
807 2006 834 2069 si
855 2007 889 2070 in
912 2010 1078 2090 posterum

109 2087 285 2152 distulisses
291 2138 300 2171 7
329 2088 382 2171 qui
426 2111 477 2152 me
499 2089 589 2153 fieret
610 2097 683 2186 post
704 2090 886 2173 repulsam?
924 2093 960 2155 in
981 2092 1076 2157 leuis·

109 2173 198 2234 simis
221 2194 345 2256 quoque
367 2174 530 2238 beneficiis
553 2175 662 2256 petitis
684 2196 745 2238 nec
766 2175 945 2259 impetratis
969 2177 1077 2241 amici-

109 2257 155 2320 tia
181 2257 374 2321 dissoluitur.
418 2279 556 2343 namque
584 2259 611 2322 is
638 2280 699 2341 quo
727 2260 868 2323 amicitia
896 2263 1077 2327 continetur

70 2358 95 2396 25
109 2362 198 2404 arnor
220 2344 299 2424 aput
320 2345 490 2426 utrumque
512 2343 675 2426 polluitur.
718 2342 798 2406 alter
821 2344 922 2408 amari
946 2368 980 2409 se
1003 2347 1077 2429 quia

108 2446 175 2488 non
190 2427 351 2509 praestitit
373 2447 439 2490 non
453 2429 555 2510 putat,
579 2427 658 2490 alter
679 2427 750 2491 odio
772 2450 805 2492 se
828 2450 897 2494 esse
913 2431 988 2512 quia
1011 2452 1077 2501 non

109 2507 248 2571 obtinuit
275 2509 458 2576 arbit-ratur.
503 2531 562 2574 nec
590 2532 667 2576 sane
694 2511 773 2575 mihi
795 2513 937 2596 gratuito
966 2513 1077 2578 consul

36 2652 41 2659 ,
108 2591 221 2654 factus
234 2592 370 2674 uiderer,
395 2594 421 2656 si
443 2592 597 2658 honorem
619 2596 766 2678 precibus
789 2597 945 2661 emissem.
984 2599 1076 2663 mise·

108 2697 179 2738 rum
197 2676 283 2738 enim
306 2680 338 2739 et
352 2676 545 2740 laboriosum
568 2679 724 2744 subissem
746 2682 878 2746 meliore
898 2684 970 2746 aeui
986 2688 1076 2766 parte

70 2775 96 2814 ³0
109 2763 273 2824 transacta
295 2761 480 2824 tirocinium
503 2764 648 2847 rogandi.
693 2787 795 2848 neque
818 2767 903 2829 enim
926 2767 1076 2832 existimo

108 2844 273 2930 molestius
296 2867 364 2909 esse
379 2845 547 2929 pecuniam
570 2870 664 2930 quam
681 2871 791 2932 preces
812 2851 958 2915 fundere.
988 2852 1075 2917 deni·

110 3000 157 3007 —..
165 3002 192 3007 ...-
196 3003 221 3008 ....
230 3003 312 3009 ..-—

177 3086 192 3132 3
215 3082 288 3147 nam]
309 3085 363 3133 iam
382 3086 401 3133 Β
421 3101 481 3135 cum
500 3088 577 3150 prim.
596 3094 625 3137 tu
642 3088 773 3139 Liuineius
797 3087 806 3154 ll
831 3091 845 3140 7
865 3089 966 3140 Claudi
986 3091 1077 3156 cusp:

110 3149 192 3198 dandi
209 3151 236 3197 Μ
258 3150 315 3199 dixi
333 3165 358 3199 w
384 3152 388 3213 Ι
415 3168 470 3203 non
493 3154 595 3204 frustra
616 3155 758 3219 hucusque
776 3158 799 3205 A
815 3156 906 3207 Bert:
935 3158 1078 3224 hucusque

109 3231 163 3265 non
187 3217 289 3268 frustra
306 3220 326 3267 B
345 3221 362 3268 c
380 3220 401 3266 V
418 3215 451 3268 W
481 3219 490 3286 ΙΙ
520 3225 535 3273 8
560 3228 642 3287 atque
666 3239 727 3288 epo:
753 3240 786 3274 ao
803 3226 830 3271 M
860 3222 870 3289 ΙΙ
900 3226 931 3274 16
952 3229 1037 3278 malim
1054 3228 1079 3279 si

108 3284 298 3348 suspendisses
323 3284 332 3350 ΙΙ
363 3289 394 3337 18
414 3287 576 3339 addissesA
601 3289 610 3355 ΙΙ
640 3293 672 3341 22
692 3291 789 3356 quida
807 3308 849 3341 me
869 3306 893 3341 w
917 3290 927 3358 l
956 3296 992 3344 24
1009 3293 1074 3361 quo]

109 3351 199 3414 qniA
233 3350 242 3418 ΙΙ
278 3355 310 3402 25
334 3370 409 3404 amor
430 3357 453 3403 Δ
477 3356 566 3406 Bere:
597 3359 699 3423 gradus
721 3360 740 3407 B
759 3363 776 3407 c
795 3361 816 3406 V
834 3361 866 3407 W
903 3360 908 3425 Ι
943 3360 1078 3425 polluitur

106 3421 184 3468 Aw:
215 3419 347 3485 pelluitur
369 3423 389 3470 B
408 3424 425 3470 0
446 3422 603 3489 pelliturV
636 3424 646 3490 ll
681 3427 713 3475 28
736 3426 887 3476 uideturd
922 3426 932 3492 ll
965 3431 998 3480 31
1023 3445 1078 3481 mo·

26 3526 29 3535 .
108 3483 212 3537 destina
230 3488 263 3535 W
