2294 3780
115 149 156 212 10
450 150 471 199 1.
499 148 529 203 Ο.
548 149 663 200 PLINII
681 149 760 202 PAN.

113 298 221 381 hilque
254 299 408 362 interesse
440 298 487 361 ire
520 299 663 382 legatum
691 320 731 360 an
764 295 868 360 redire
899 295 1078 379 principem

114 383 231 465 iubeat,
265 383 329 446 nisi
362 382 445 465 quod
472 384 573 445 maior
606 384 648 446 sit
675 382 818 464 obsequii
850 380 953 465 gloria
979 381 1014 444 in
1042 402 1078 446 eo

114 467 198 550 quod
221 468 291 550 quis
313 467 417 530 minus
440 467 528 530 uelit.
864 469 866 473 ’

178 551 218 614 Χ.
242 551 391 633 Augebat
402 551 624 615 auctoritatem
639 549 778 613 iubentis
794 550 829 612 in
846 571 1004 613 summum
1017 549 1078 613 dis·

83 656 102 695 a
116 636 237 698 crimen
259 635 430 699 auctoritas
452 637 519 700 eius
542 635 688 710 adducta,
712 637 809 716 utque
835 634 939 718 magis
966 656 1078 717 paren·

115 719 190 781 dum
212 719 386 802 imperanti
408 724 536 802 putares
559 719 757 783 efficiebatur
779 739 816 781 eo
839 718 922 800 quod
944 720 983 781 ab
1006 719 1076 783 aliis

114 803 220 867 minus
241 804 421 887 parebatur.
452 805 491 868 ad
513 804 574 868 hoc
590 803 738 867 audiebas
755 806 884 866 senatus
906 804 1078 887 populique

116 908 320 951 consensum:
354 909 420 952 non
447 891 540 953 unius
566 888 693 954 Neruae
722 887 875 952 iudicium
903 887 992 970 illud,
1022 888 1079 951 illa

115 971 228 1035 electio
260 972 332 1036 fuit.
383 995 458 1036 nam
491 974 546 1056 qui
577 973 693 1056 ubique
728 975 804 1035 sunt
838 972 982 1035 homines
1018 971 1078 1035 hoc

69 1081 101 1120 ,ιο
114 1056 199 1119 idem
224 1057 310 1121 uotis
339 1058 544 1140 expetebant:
579 1057 632 1120 ille
659 1058 787 1120 tantum
820 1055 887 1118 iure
921 1056 1078 1138 principis

114 1142 285 1223 occupauit
304 1141 487 1225 primusque
508 1141 587 1206 fecit
608 1141 690 1224 quod
713 1140 829 1202 facturi
849 1160 959 1202 omnes
975 1146 1077 1202 erant.

114 1245 174 1288 nec
207 1225 336 1290 hercule
372 1229 465 1291 tanto
494 1247 588 1310 opere
617 1224 740 1288 cunctis
772 1224 893 1287 factum
925 1225 1077 1307 placeret,

113 1309 176 1372 nisi
204 1311 378 1392 placuisset
405 1315 480 1375 ante
508 1332 602 1394 quam
630 1310 730 1372 fieret.
768 1311 801 1371 at
828 1328 900 1390 quo,
931 1307 963 1371 di
991 1308 1076 1390 boni,

112 1397 368 1476 temperamento
390 1399 583 1478 potestatem
605 1398 693 1458 tuam
722 1394 946 1475 fortunamque
973 1393 1078 1456 mode·

70 1499 106 1540 aa
115 1481 203 1540 ratus
227 1482 273 1541 es!
312 1480 486 1561 imperator
508 1484 543 1542 tu
565 1479 669 1542 titulis
691 1482 724 1542 et
754 1478 948 1560 imaginibus
972 1480 1004 1540 et
1037 1478 1079 1540 si-

114 1561 198 1643 gnis,
222 1565 362 1625 ceterum
384 1564 538 1626 modestia
560 1563 667 1626 labore
690 1562 862 1645 uigilantia
883 1562 947 1624 dux
975 1564 1007 1624 et
1036 1561 1079 1624 le·

114 1646 209 1728 gatus
238 1648 270 1708 et
298 1646 400 1728 mileS,
430 1669 502 1709 cum
527 1647 591 1709 iam
618 1649 674 1709 tua
702 1645 827 1720 uexilla,
856 1648 927 1708 tuas
957 1645 1078 1728 aquilas

115 1750 233 1812 magno
268 1730 371 1813 gradu
408 1731 548 1794 anteires
588 1751 691 1812 neque
730 1729 816 1793 aliud
849 1728 911 1792 tibi
946 1751 985 1792 ex
1023 1729 1079 1792 illa

116 1813 288 1895 adoptione
317 1835 412 1896 quam
439 1815 496 1878 filii
524 1815 687 1898 pietatem,
716 1813 774 1877 filii
802 1814 990 1897 obsequium
1024 1815 1078 1876 ad·

68 1921 101 1959 ao
115 1917 234 1960 sereres
268 1899 461 1982 longamque
494 1898 568 1962 huic
601 1899 723 1962 nomini
761 1901 908 1980 aetatem,
946 1898 1078 1982 longam

113 1981 247 2063 gloriam
271 2004 445 2064 precarere.
482 1984 547 2047 iam
568 1986 600 2046 te
626 1983 830 2065 prouidentia
858 1983 986 2047 deorum
1015 1984 1078 2066 pri-

113 2087 201 2127 mum
234 2068 269 2129 in
302 2067 406 2130 locum
439 2071 643 2150 prouexerat3
675 2070 710 2129 tu
734 2066 838 2130 adhuc
870 2069 904 2131 in
938 2067 1077 2131 seeundo

112 2150 261 2214 resistere
294 2155 390 2234 atque
426 2153 520 2216 etiam
554 2173 719 2216 senescere
747 2153 898 2234 optabas:
932 2152 1078 2234 priuatus

112 2234 173 2297 tibi
202 2235 362 2300 uidebaris
389 2258 484 2320 quam
513 2237 566 2300 diu
594 2237 770 2320 imperator
804 2241 836 2300 et
869 2238 949 2300 alius
984 2240 1076 2299 esset.

70 2339 101 2379 aa
115 2319 224 2383 audita
245 2324 321 2384 aunt
342 2326 417 2385 uota.
438 2326 503 2403 tua,
527 2321 582 2386 sed
604 2322 639 2384 in
661 2324 816 2405 quantum
838 2321 959 2404 optimo
982 2320 1030 2382 illi
1045 2323 1079 2382 et

114 2405 314 2468 sanctissimo
336 2406 406 2469 seni
427 2407 506 2469 utile
528 2406 600 2486 fuit,
623 2428 717 2488 quem
740 2406 772 2468 di
794 2404 865 2468 ideo
895 2404 981 2468 caelo
1009 2404 1077 2465 uin-

113 2486 303 2551 dicauerunt
323 2510 364 2551 ne
386 2490 462 2572 quid
483 2492 557 2570 post
578 2490 656 2552 illud
678 2489 823 2552 diuinum
845 2492 877 2552 et
897 2487 1077 2551 immortale

113 2569 236 2633 factum
257 2572 392 2635 mortale
407 2572 536 2636 faceret.
566 2572 672 2635 deberi
688 2573 805 2655 quippe
828 2573 965 2636 maximo
989 2572 1075 2655 operi

112 2651 197 2718 hanc
219 2656 457 2719 uenerationem
484 2659 522 2718 ut
542 2656 749 2719 nouissimum
773 2661 872 2738 esset,
903 2659 1078 2720 auctorem-

67 2758 174 2820 aoque
203 2738 270 2802 eius
299 2739 407 2802 statim
437 2742 686 2804 consecrandum
714 2743 750 2804 ut
777 2742 965 2824 quandoque
992 2741 1078 2804 inter

112 2824 734 2992 tillirti0qt³ig¹ileli¹mltilliciet}
748 2825 1077 2993 tatastat}

112 3044 315 3054 --------

91 3114 102 3133 ’
181 3129 276 3180 baius
294 3131 446 3180 auctoritas
463 3129 678 3196 thabducta
700 3133 733 3180 W
762 3130 772 3196 ΙΙ
802 3134 817 3181 7
841 3132 928 3180 minus
947 3147 993 3182 om.
1013 3130 1044 3178 W
1064 3133 1076 3193 11

112 3192 221 3263 tinam]
241 3213 294 3247 non
313 3199 353 3259 W,
371 3214 501 3263 superscr.
521 3214 584 3248 nam
606 3216 637 3251 m.
659 3216 713 3252 rec.
736 3197 746 3264 ΙΙ
778 3201 807 3250 11
831 3200 934 3264 primus
957 3198 1024 3248 fecit
1046 3199 1079 3246 W

116 3262 233 3329 lomnes
258 3266 361 3315 facturi
379 3268 396 3315 c
417 3264 427 3331 ΙΙ
449 3269 480 3317 13
508 3271 539 3314 at
565 3281 618 3329 quc
645 3267 684 3316 dii
711 3267 776 3316 boni
795 3280 831 3314 w:
860 3267 893 3315 ad
913 3265 984 3330 quod
1013 3266 1078 3315 boni

112 3333 135 3380 V
154 3338 254 3397 atquo
272 3333 337 3383 boni
355 3335 373 3382 (1
391 3335 425 3384 ad
443 3334 552 3384 boniB
582 3331 592 3398 ΙΙ
621 3336 652 3383 21
676 3330 744 3401 iam]
767 3335 837 3384 inc
866 3332 876 3399 ΙΙ
906 3335 938 3383 26
961 3334 990 3383 di
1014 3333 1078 3383 ideo

113 3400 194 3450 eaelo
210 3401 318 3461 scripsi:
342 3401 381 3451 dii
400 3403 433 3451 de
453 3399 513 3451 celo
530 3402 558 3449 1
576 3402 616 3450 dii
637 3402 715 3452 coelo
734 3417 751 3468 ς
774 3403 832 3452 edd.
864 3400 874 3467 11
903 3404 936 3453 28
959 3403 1078 3452 maximo

108 3468 189 3533 operi
207 3468 225 3515 0
244 3467 286 3517 W:
305 3469 425 3520 maxime
443 3469 561 3531 competi
577 3469 597 3516 B
616 3470 733 3520 maximo
751 3471 862 3535 conpeti
881 3472 960 3534 operi
977 3471 1008 3520 V.
