2294 3780
123 150 185 213 218
447 152 481 200 x.
510 149 659 201 raanan
678 149 756 200 Pau.

187 300 243 364 Vl.
293 299 414 365 Uerum
446 302 483 363 ut
509 298 544 363 in
571 298 699 382 magnis
732 297 878 362 domibus
904 296 1092 360 interiorem

124 388 270 450 ornatum
293 384 451 448 uestibula
471 384 543 466 ipsa
562 382 738 464 declarant,
762 382 809 445 sic
830 380 922 444 nobis
944 381 1092 444 uenturis

125 470 165 533 ad
197 469 377 553 ingentium
409 468 564 531 uirtutum
596 466 754 550 stupenda
785 465 963 549 penetralia
995 464 1094 528 debet

54 583 60 593 ·
124 553 318 616 laudationis
332 553 513 636 ingressum
536 555 568 615 et
582 550 829 634 praedicationis
843 550 971 613 ianuam
985 548 1093 613 Roma

99 637 286 717 spraebere.
322 657 402 718 quae
424 635 567 699 demersa
589 636 747 718 quondam
764 633 950 717 ,tyrannidis
972 633 1093 716 impiae

123 721 217 784 malis
240 723 272 783 et
294 740 356 802 quo
377 720 480 783 maior
502 741 539 783 eo
560 719 771 784 miserabilior
792 718 970 781 maiestatis
984 717 1093 800 pristi-

123 825 185 867 nae
201 804 295 867 decus
318 805 358 867 ad
373 805 606 868 misericordiae
629 804 785 867 ambitum
805 802 1007 866 conferebat:
1030 801 1095 865 tibi

124 899 244 969 tamen,
269 887 480 952 Constantine
502 890 652 970 maxime,
682 888 778 951 etiam
799 887 834 949 in
856 886 912 950 illa
934 886 983 949 sui
1005 888 1095 949 sorte

124 972 328 1054 uenerabilis,
353 973 437 1055 quod
453 994 531 1055 quos
554 975 698 1055 impense
720 991 862 1034 amamus
885 970 1094 1034 obseruantia

87 1072 112 1111 10
125 1055 252 1118 illorum
273 1057 402 1140 integra
424 1061 487 1140 est,
516 1056 640 1120 etiamsi
662 1055 786 1138 dilapsa
806 1054 938 1118 fortuna
959 1057 1018 1118 est.
1057 1055 1094 1118 in

125 1139 267 1203 abiectos
295 1140 402 1204 officia
428 1141 570 1224 gratiora
598 1144 674 1204 sunt
701 1160 782 1223 quae
811 1159 878 1202 non
905 1159 944 1201 ex
971 1137 1094 1201 miseri·

125 1224 243 1304 cordia,
267 1224 321 1288 sed
345 1246 383 1288 ex
405 1224 527 1288 honore
549 1227 718 1288 uenerunt.
753 1222 810 1286 sed
831 1223 982 1286 nimirum
1003 1226 1093 1284 reete

125 1329 144 1370 a
167 1308 364 1391 sapientibus
379 1309 510 1391 ponitur
525 1310 656 1373 conexio
679 1309 765 1372 iuter
786 1327 820 1369 se
835 1309 910 1387 apta
924 1306 1092 1371 uirtutum.

125 1391 171 1454 sic
194 1392 279 1455 enim
301 1395 411 1456 mutuo
434 1397 467 1456 et
481 1413 611 1476 operam
632 1393 746 1456 iuuant
768 1394 802 1454 et
815 1391 955 1453 fructum
977 1410 1094 1486 operae

87 1491 113 1532 15
125 1476 323 1560 partiuntur,
345 1480 382 1539 ut
403 1477 496 1540 facile
519 1479 674 1560 appareat
694 1474 918 1558 inseparabilis
941 1477 973 1537 et
994 1473 1095 1537 mdis-

127 1563 214 1623 creta
235 1560 412 1642 permixtio.
446 1562 576 1644 gessisti
598 1561 726 1642 bellum,
748 1561 923 1641 imperator
944 1557 1094 1637 maxime,

126 1644 209 1726 quod
237 1643 297 1706 tibi
329 1664 397 1708 non
429 1645 534 1708 minus
563 1644 665 1708 honos
697 1645 785 1707 urbis
814 1642 966 1725 imposuit
997 1663 1095 1724 quam

127 1727 268 1790 eiusdem
295 1749 447 1790 aerumna
469 1730 638 1811 persuasit.
683 1729 789 1811 itaque
810 1746 877 1789 non
899 1727 972 1808 plus
994 1747 1033 1789 ex
1056 1747 1095 1790 eo

127 1809 231 1872 laudis
254 1810 434 1874 fortitudini
455 1814 529 1874 tuae
551 1812 660 1875 datum
685 1834 781 1895 quam
802 1810 917 1894 pietati
936 1810 1095 1876 tributum

88 1909 114 1949 2⁰
127 1895 176 1956 est
203 1893 303 1975 quod,
333 1894 409 1956 dum
436 1894 587 1958 scelestos
614 1895 826 1979 persequeris,
855 1895 987 1958 miseros
1016 1894 1095 1958 libe·

125 1976 214 2040 rasti.
261 1977 434 2040 constituta
461 1978 546 2041 enim
576 1983 608 2043 et
629 1981 664 2043 in
686 1982 875 2064 perpetuum
896 1978 999 2042 Roma
1020 1978 1095 2043 fun-

126 2060 275 2142 dataest,
293 2062 441 2126 omnibus
456 2063 510 2146 qui
525 2065 644 2128 statum
659 2065 725 2128 eius
736 2062 928 2127 labefactare
942 2065 1096 2145 poterant

126 2167 199 2209 oum
222 2145 320 2229 stirpe
343 2147 466 2210 deletis.
689 2214 693 2221 ,

189 2229 263 2294 VII.
292 2230 367 2295 Non
382 2233 479 2314 enim,
502 2232 557 2314 qui
572 2232 728 2295 bellorum
743 2236 877 2297 euentus
892 2231 997 2294 solent
1012 2250 1094 2311 esse,

88 2330 184 2396 asper
211 2315 316 2378 uarios
345 2319 378 2378 et
405 2315 563 2379 uolubiles
591 2337 681 2379 casus
703 2316 791 2380 Mars
819 2317 933 2380 dubius
962 2314 1094 2395 errauit,

125 2419 185 2461 nee
213 2398 361 2462 fortunae
390 2399 592 2481 uicissitudo,
621 2422 702 2484 quae
724 2401 909 2484 plerumque
953 2399 1095 2481 resperis

125 2482 220 2544 rebus
247 2483 339 2546 triste
368 2483 487 2566 aliquid
521 2484 717 2567 adglutinat,
749 2485 909 2549 uictorum
930 2421 1095 2547 iaetitiam

126 2563 322 2647 uulnerauit3
345 2566 400 2630 sed
422 2570 513 2630 tanta
534 2567 673 2630 hostium
696 2571 817 2632 ettam
841 2567 947 2651 ampla
969 2566 1094 2649 caedes,

125 2649 193 2709 tam
220 2647 297 2711 felix
325 2653 358 2711 et
382 2650 551 2714 incruenta
576 2651 640 2729 fuit
664 2652 799 2716 uictoria
827 2657 863 2717 ut
889 2651 998 2717 credas
1025 2670 1096 2714 non

88 2730 210 2794 cobello
233 2732 366 2815 ancipiti
380 2732 577 2815 dimicatum,
600 2736 656 2798 sed
678 2738 762 2800 solas
785 2737 955 2820 impiorum
971 2755 1096 2818 poenas

127 2815 293 2899 expetitas.
337 2820 464 2882 tantum
488 2819 586 2881 etiam
608 2819 693 2882 inter
714 2843 803 2884 arma
824 2821 909 2884 bona
931 2820 1095 2884 eonscien-

195 3054 364 3118 3stupenda
382 3068 419 3103 w:
443 3056 583 3120 stipendia
600 3058 627 3104 Η
656 3053 666 3121 ΙΙ
698 3060 729 3107 10
748 3057 854 3122 dilapsa
872 3058 985 3107 fortuna
1003 3056 1096 3107 Bert:

128 3120 241 3183 delapsa
264 3122 419 3170 fortunaA
442 3123 553 3173 fortuna
576 3123 691 3189 delapsa
712 3126 732 3173 B
751 3126 768 3172 0
787 3125 809 3172 V
826 3126 860 3172 W
888 3123 899 3189 tt
929 3126 961 3173 14
984 3139 1096 3189 operam

128 3189 297 3238 Arntzenias:
319 3205 334 3238 o
355 3203 403 3238 era
420 3190 466 3251 ΠΙ
482 3191 580 3241 iuuant
597 3193 642 3240 W:
660 3193 738 3242 iuuat
755 3193 778 3241 A
795 3192 816 3239 B
834 3194 851 3240 0
869 3194 892 3239 V
917 3189 927 3256 fl
958 3193 990 3240 17
1008 3191 1096 3242 honos

127 3268 164 3303 w:
191 3269 259 3305 onus
277 3258 304 3303 Μ
334 3205 352 3320 li
373 3258 406 3306 20
430 3259 599 3322 persequeris
621 3260 645 3308 A
662 3261 695 3308 B:
722 3261 929 3324 persequereris
950 3259 968 3306 0
986 3259 1008 3308 V
1026 3259 1059 3307 W
1086 3255 1096 3323 ll

127 3324 160 3372 23
180 3320 250 3386 eum]
272 3328 302 3372 ut
318 3322 342 3371 A
358 3321 368 3388 ΙΙ
390 3324 747 3392 25marsw:maris1ss
769 3329 802 3378 28
821 3325 902 3378 cedes
919 3340 957 3375 w:
977 3325 1051 3376 cedis
1068 3327 1096 3374 Η

127 3386 136 3455 ΙΙ
164 3392 197 3440 29
220 3391 274 3441 fuit
296 3397 356 3441 unte
378 3391 498 3441 uictoria
516 3395 617 3451 addidi,
642 3403 701 3458 post
718 3396 783 3444 uiet.
802 3395 875 3444 edd„-
899 3409 946 3444 om.
965 3394 994 3441 Η
1022 3390 1033 3457 ss
1063 3394 1095 3443 31

128 3459 208 3507 tantia
225 3473 264 3509 w:
284 3464 360 3510 tanta
378 3461 401 3509 A
419 3463 497 3509 tanto
515 3461 536 3508 B
554 3462 571 3508 0
589 3464 612 3510 V
1008 3495 1012 3503 .
