2294 3780
107 155 171 221 220
438 158 471 208 X.
501 157 649 209 NAZARII
665 158 744 209 PAN.

106 309 177 370 tum
198 327 239 370 ne
254 307 391 389 sopitam
412 307 568 370 malorum
587 305 774 370 memoriam
796 305 897 369 oratio
911 326 984 370 mea
1007 326 1083 369 sus--

109 391 195 473 citet,
212 390 323 454 sedne
338 390 556 454 sanctissimas
571 389 726 472 principis
737 389 858 471 laudes,
877 388 953 452 dum
968 389 1085 454 aliena,

106 475 186 538 uitia
200 475 425 557 depromimus,
448 495 550 538 sermo
567 474 642 537 talis
662 474 809 538 incestet.
838 474 1074 538 incrementum

108 559 235 642 quidem
264 559 399 639 adeptae
425 557 589 623 felicitatis
622 561 671 622 est
698 556 854 622 malorum
884 577 1074 622 commemo-

83 645 180 706 srata
202 642 361 725 depulsio:
386 664 496 706 uerum
518 646 555 706 ut
575 643 611 705 in
633 642 803 726 segetibus,
826 641 950 704 etiamsi
971 641 1078 705 multa

108 747 188 810 quae
214 725 346 788 humum
374 726 566 790 obsederant
592 726 751 789 industria
776 725 960 789 reuellenda
987 729 1076 808 sunt,

107 809 249 873 laborem
283 812 392 873 tamen
425 811 555 895 purgati
591 809 650 873 soli
682 811 831 873 nesciunt
864 809 918 891 qui
947 809 1075 873 fructus

108 893 209 957 editos
230 894 411 977 intuentur,
439 895 485 959 sic
507 894 715 960 Constantini
737 892 885 956 laudibus
913 893 992 956 satis
1014 896 1075 976 est,

108 977 184 1040 dum
212 977 444 1042 efflorescentia
471 980 557 1043 bona
585 977 760 1060 cernimus,
788 999 830 1041 ne
857 977 942 1041 mala
968 977 1076 1041 excisa

70 1079 96 1119 ro
107 1065 300 1144 reputemus.

170 1144 227 1209 IX.
274 1145 412 1209 Ferebas
434 1149 553 1228 tamen,
575 1146 758 1228 imperator,
779 1144 905 1208 ferebas
926 1143 1018 1206 illum
1040 1144 1075 1206 in

108 1229 208 1293 tantis
230 1231 325 1293 malis
344 1230 508 1294 ludentem
530 1233 573 1312 et,
598 1250 669 1292 cum
692 1228 799 1292 omnia
813 1231 849 1290 tu
871 1227 978 1310 scires,
1001 1231 1076 1290 uota

108 1313 276 1378 hominum
304 1315 465 1378 coniuenti
492 1314 650 1397 patientia
676 1312 853 1396 fatigabas,
882 1312 936 1393 qui
963 1332 1004 1374 ne
1030 1311 1076 1375 sic

108 1397 235 1480 quidem
257 1398 375 1461 iniuste
397 1420 485 1461 arma
501 1419 630 1481 caperes
652 1397 712 1460 etsi
727 1395 869 1459 nondum
892 1395 931 1458 ab
946 1393 1076 1458 homine

70 1498 96 1539 ra
108 1480 290 1563 lacessitus,
318 1482 385 1544 iam
411 1485 522 1545 tamen
549 1482 702 1545 uitiorum
731 1481 797 1543 eius
824 1479 991 1560 inimicus,
1020 1479 1076 1542 sed

110 1565 208 1647 (quod
236 1568 304 1627 erat
331 1568 580 1628 consentaneum
614 1565 803 1628 clementiae
830 1566 916 1644 tuae)
952 1563 1087 1644 experi-

107 1648 187 1711 reris
208 1649 349 1712 remedia
369 1649 518 1712 molliora
539 1652 584 1732 ut,
607 1648 691 1731 quod
706 1647 800 1711 leniri
823 1669 918 1730 quam
937 1647 1077 1709 resecari

108 1731 235 1811 malles,
273 1733 381 1795 mitior
412 1732 572 1796 medicina
604 1735 744 1795 sanaret.
796 1731 874 1815 quin
908 1734 1088 1812 extorques-

109 1815 215 1877 animo
229 1818 285 1877 tuo
307 1818 339 1877 et
362 1815 573 1878 conueniendi
595 1815 736 1878 studium
758 1818 791 1878 et
812 1814 998 1879 concordiae
1020 1835 1087 1877 uo·-

70 1894 281 1980 roluntatem,
308 1899 335 1960 si
358 1899 560 1961 concordiam
582 1920 678 1981 quam
700 1900 826 1962 ueniam
849 1898 1005 1981 appellari
1026 1897 1087 1961 fas-

110 1982 167 2063 est,
191 2001 263 2044 cum
285 1981 339 2064 qui
353 1983 461 2129 potest
482 1982 611 2046 uincere
633 1985 726 2066 optat
746 1983 925 2066 ignoscere.
955 1984 988 2044 et
1008 2002 1078 2045 non

110 2063 219 2128 dubito
248 2065 326 2149 quin
377 2087 438 2130 anc
464 2067 622 2130 rationem
650 2067 795 2131 caelestis
821 2066 992 2150 prudentia
1020 2068 1079 2130 tua

109 2148 248 2229 duxerit,
276 2150 361 2233 quod
390 2151 615 2216 coniunctione
642 2173 698 2214 sua
724 2150 992 2234 flagrantissimas
1020 2149 1078 2212 ho·

108 2232 205 2296 minis
228 2234 420 2317 cupiditates
442 2236 495 2300 uel
517 2237 720 2320 extingueret
733 2235 863 2318 penitus
884 2234 938 2298 uel
951 2234 1078 2298 modice

69 2331 96 2373 25
108 2319 309 2399 temperaret.
336 2319 427 2382 nulla
441 2321 557 2403 quippe
580 2323 628 2382 est
643 2319 741 2383 libido
763 2322 832 2382 tani
852 2338 964 2381 uecors
980 2339 1079 2400 quani

108 2421 174 2464 non
197 2402 302 2485 capiat
330 2424 403 2467 cum
425 2404 461 2466 in
484 2405 677 2466 consortium
703 2403 828 2466 uenerit
850 2403 1076 2485 temperantia.

109 2483 207 2548 deicit
228 2485 336 2549 oculos
358 2481 511 2550 defoimis
532 2487 662 2581 ignauia
683 2487 738 2549 ubi
760 2487 790 2549 ei
808 2486 990 2569 pulcritudo
1013 2487 1077 2549 uir-

108 2567 188 2629 tutis
215 2568 340 2631 obiecta
368 2573 427 2632 est.
470 2571 678 2652 tergiuersari
706 2573 802 2653 atque
827 2569 957 2633 haerere
984 2572 1078 2652 petu-

109 2647 244 2712 lantiam
265 2651 375 2714 uideas
397 2653 572 2735 grauitate,
600 2653 754 2716 modestia
776 2657 808 2717 ct
830 2653 943 2718 decore
967 2654 1077 2717 confu-

71 2750 97 2790 eo
110 2753 192 2811 sam,
221 2736 258 2797 ut
286 2737 441 2817 appareat
461 2738 507 2818 te,
535 2737 711 2818 imperator
738 2739 875 2820 optime,
906 2737 1078 2801 concordia

112 2889 229 2896 -—--...—
236 2892 313 2898 —...-.-

177 2991 249 3039 ine
268 2991 290 3037 A
308 3004 345 3039 w:
372 3007 419 3040 om.
443 2992 539 3039 ΒΗ
568 2989 579 3055 ΙΙ
607 2994 689 3041 4est
710 3009 757 3042 om.
777 2993 810 3040 W
838 2990 893 3057 ΙΙ“6
916 2992 1078 3048 reuellenda

109 3055 200 3105 Bere:
219 3056 376 3107 reuellanda
394 3058 417 3104 A
434 3058 583 3108 reuelanda
600 3059 729 3107 ΗΠ
757 3055 768 3124 ΙΙ
797 3061 872 3111 8sic
890 3074 928 3108 w:
947 3061 971 3109 si
988 3061 1077 3109 ΔΗ

109 3123 196 3172 sedB
221 3120 231 3186 ΙΙ
261 3126 292 3172 12
315 3129 345 3174 tu
368 3125 443 3178 edd:
467 3131 515 3175 tua
536 3127 564 3174 Μ
593 3123 603 3190 ΙΙ
634 3129 665 3177 13
688 3127 823 3190 patientia
840 3140 878 3175 w:
906 3128 1028 3193 patienti
1049 3130 1082 3176 lt

109 3189 278 3240 conniuendo
296 3191 428 3255 patiendo
447 3195 504 3242 edd.
528 3191 538 3257 ΙΙ
568 3194 599 3242 16
618 3193 752 3256 experiris
768 3192 792 3241 A
811 3195 997 3259 experiebaris
1016 3196 1077 3246 edd.

107 3253 116 3321 ll
134 3257 166 3305 17
183 3253 226 3323 ut]
246 3257 327 3307 uelc
352 3257 361 3323 ΙΙ
387 3261 418 3310 18
437 3261 523 3310 males
541 3260 561 3307 B
580 3261 601 3308 V
618 3261 651 3308 W
674 3257 684 3324 11
710 3263 739 3310 19
758 3263 830 3322 prius
849 3266 877 3310 et
896 3278 941 3312 om.
959 3264 996 3324 n,
1014 3264 1077 3313 add.

107 3322 182 3373 Bere.
205 3322 216 3388 ll
239 3326 272 3374 26
289 3326 319 3374 in
336 3328 502 3378 consortium
520 3340 558 3376 w:
577 3329 606 3376 in
624 3331 738 3377 sortium
754 3330 782 3375 Al
801 3327 806 3388 Ι
825 3331 1011 3392 temperantia
1028 3345 1079 3381 ue·

107 3391 180 3440 norit
197 3393 232 3454 H,
252 3396 400 3456 transposui
418 3392 428 3459 ΙΙ
452 3397 484 3445 27
504 3395 589 3445 deicit
607 3395 652 3444 W:
671 3395 773 3445 deiecit
789 3397 813 3445 A
824 3397 844 3444 B
857 3397 875 3445 0
886 3397 909 3444 V
929 3393 941 3460 ll
962 3399 996 3448 29
1014 3411 1077 3461 gra·

107 3458 196 3509 nitate
214 3459 366 3511 modestiae
382 3462 513 3515 Liuineius
