2294 3780
109 143 174 207 200
434 114 483 192 111.
509 139 757 192 1111111111.

110 294 208 358 stium
230 291 335 377 globis
357 290 537 355 miscuisti?
570 311 626 353 cur
648 289 786 353 salutem
806 289 853 352 rei
873 288 1022 371 publicae
1043 289 1080 352 in

108 376 253 461 pericula
274 378 367 440 tanta
387 374 528 439 misisti?
573 396 616 437 an
637 373 762 438 nescire
783 394 843 437 nos
864 374 961 456 putas
984 372 1079 456 quod,

109 463 185 526 dum
212 461 313 525 nimio
342 460 463 543 raperis
493 457 622 537 ardore,
650 460 685 521 in
713 457 819 521 media
845 456 987 522 hostium
1013 457 1081 522 tela

109 546 283 611 deueneras
318 550 367 625 et,
404 543 468 607 nisi
502 544 588 607 uiam
615 543 674 606 tibi
708 541 856 607 caedibus
887 542 1078 625 aperuisses,

82 632 199 715 sspe‘m
216 630 314 693 totius
335 628 462 714 generis
477 626 610 691 humani
633 632 667 691 et
688 629 766 690 uota
786 625 978 709 deceperas?
1007 629 1080 692 toto

109 715 227 797 quippe
248 713 370 796 impetu
391 713 551 794 ferebare,
579 711 714 775 torrenti
736 711 850 774 similis
873 711 960 774 amni
982 731 1080 794 quem

108 799 262 881 abruptae
290 797 442 861 radicitus
471 796 569 860 siluae
597 799 631 859 et
653 795 805 859 conuulsa
826 794 971 859 frmditus
999 816 1080 858 saxa

108 885 325 965 sequerentur.
360 881 437 964 quid
458 882 519 944 tibi
542 883 599 962 est,
622 881 806 962 imperator,
831 901 903 944 cum
925 879 1080 943 inferiore

106 965 262 1029 fortuna?
301 966 375 1029 illos
396 987 543 1050 pugnare
565 964 615 1028 fas
638 968 687 1028 est
708 964 822 1048 quibus
845 984 901 1029 suo
925 964 1079 1047 cuiusque

70 1069 95 1109 10
107 1049 173 1114 fato
197 1053 252 1113 aut
273 1050 467 1114 uincendum
489 1055 537 1114 est
560 1052 615 1113 aut
637 1048 829 1113 cadendum:
855 1051 904 1130 tu,
927 1047 1016 1112 cuius
1038 1069 1079 1111 ex

107 1135 176 1198 uita
197 1135 340 1198 omnium
361 1134 430 1198 fata
452 1133 609 1217 pendent,
641 1132 680 1196 ad
703 1133 804 1196 ullum
827 1132 995 1197 discrimen
1025 1152 1078 1195 ac-

107 1219 224 1283 cedas?
260 1219 346 1282 inter
367 1222 416 1282 tot
440 1219 506 1282 tela
528 1217 715 1303 gladiosque
737 1216 885 1280 uersere‘?
921 1217 992 1299 quis
1014 1216 1078 1280 hoc

106 1308 179 1368 ate
202 1304 325 1388 exigit?
353 1307 407 1367 aut
429 1303 499 1386 quis
521 1303 591 1386 pati
613 1303 715 1384 possit
736 1304 772 1364 ut
794 1301 965 1384 quicquam
985 1301 1022 1364 in
1043 1304 1078 1363 te

106 1388 183 1452 belli
211 1389 337 1452 casibus
359 1387 477 1451 liceat?
522 1387 634 1450 deceat
654 1389 703 1468 te,
731 1386 920 1468 imperator,
951 1383 1077 1448 hostem

69 1471 226 1536 referire?
258 1474 357 1535 immo
380 1493 448 1535 non
469 1471 559 1536 decet
581 1470 735 1534 laborare.

170 1555 210 1619 X.
260 1556 425 1639 spectauit
459 1577 497 1619 ex
538 1555 622 1618 edito
661 1557 770 1617 monte
799 1553 921 1617 Xerxes
959 1553 1078 1617 nauale

108 1642 279 1704 certamen.
316 1642 482 1724 Augustus
506 1639 592 1703 aliud
614 1660 712 1723 agens
734 1638 813 1702 uicit
835 1641 913 1720 aput
933 1639 1076 1702 Actium.

107 1723 170 1787 fuit
191 1724 286 1787 etiam
302 1724 356 1807 qui
379 1724 523 1787 sublatus
546 1724 580 1786 in
601 1725 702 1787 scalas
722 1722 863 1787 inuicem
884 1744 1077 1786 1111111111-

108 1811 271 1870 currentes
300 1809 425 1870 eminus
453 1807 535 1870 uidit
563 1809 733 1887 exercitus,
762 1810 798 1870 ut
819 1828 879 1871 nec
904 1808 1077 1871 interesset

69 1910 94 1949 so
131 1890 248 1954 ericulo
278 1895 311 1952 et
333 1891 459 1954 adesset
486 1891 622 1954 euentui.
666 1891 800 1974 ignaua,
829 1891 970 1974 inquies,
1000 1895 1079 1955 sunt

106 1913 187 2038 iaec
210 1975 367 2059 exempla3
392 1976 447 2039 sed
468 1977 555 2058 tuta,
584 1974 775 2059 grauiorque
798 1978 900 2039 metus
923 1979 972 2039 est
994 1976 1077 2058 peri-

108 2057 170 2122 culi
202 2059 249 2122 tui
282 2074 376 2143 quam
404 2060 528 2124 laetitia
562 2059 724 2123 uictoriae.
770 2081 813 2123 an
845 2080 912 2123 non
940 2060 1003 2143 ipsi
1032 2064 1075 2142 te,

108 2143 210 2207 eaesis
237 2142 420 2228 fugatisque
447 2144 593 2209 hostibus
620 2144 852 2227 interfectoque
881 2145 979 2207 etiam
1004 2144 1077 2226 ipso

108 2249 215 2291 eorum
238 2229 327 2311 duce,
352 2230 484 2294 comites
507 2232 539 2292 et
559 2228 681 2293 tribuni
704 2228 885 2310 corripuere
908 2227 1077 2292 lacriman-

68 2315 155 2376 eetes
178 2313 378 2398 amplexique
399 2314 479 2377 illud
495 2316 585 2376 tuum
607 2313 757 2376 anhelum
778 2316 900 2394 pectus,
924 2314 1077 2377 cruentas

106 2418 222 2461 manus
255 2401 287 2460 et
320 2397 470 2481 quicquid
504 2398 542 2460 de
575 2397 733 2481 sanguine
760 2396 936 2479 profundae
971 2396 1078 2461 caedis

106 2485 280 2545 emerserat
301 2481 379 2544 hinc
401 2485 494 2563 abque
516 2481 590 2543 inde
614 2481 806 2545 clamarunt:
841 2480 930 2563 ‘quid
952 2501 1077 2564 egeras,

106 2564 304 2646 imperator?
341 2565 376 2627 in
398 2585 478 2647 quae
500 2584 559 2626 nos
581 2563 650 2626 fata
671 2565 863 2647 proieceras,
887 2565 951 2628 nisi
973 2567 1007 2629 te
1029 2565 1075 2628 di-

105 2647 182 2735 uina
210 2647 311 2711 uirtus
339 2651 396 2711 tua
422 2646 641 2711 uindicasset?
684 2670 764 2732 quae
789 2649 869 2714 haec
897 2653 946 2713 est
973 2649 1076 2732 impa-

68 2730 243 2794 cctientia?
288 2735 344 2795 aut
365 2752 427 2815 quo
448 2730 509 2793 tibi
529 2751 643 2794 manus
665 2736 808 2814 nostras,
839 2733 866 2796 si
888 2754 981 2797 uersa
1003 2735 1076 2798 uice

104 2834 231 2899 pugnas
253 2816 321 2899 ipse
342 2837 399 2899 pro
421 2814 549 2878 nobis‘l’
578 2815 659 2880 haec
680 2836 739 2901 ego
761 2839 827 2880 non
844 2817 991 2899 dicerem,
1015 2819 1075 2881 im-

104 2903 246 2982 perator,
270 2921 372 2984 neque
395 2900 435 2963 ab
459 2898 529 2963 aliis
552 2899 637 2963 dicta
659 2922 878 2985 memorarem,
900 2901 964 2965 nisi
978 2902 1075 2966 bene-

173 3055 188 3102 2
206 3048 269 3118 nos]
289 3069 343 3104 non
361 3055 383 3101 Δ
396 3051 406 3118 ΙΙ
418 3056 434 3104 3
453 3069 514 3104 cum
532 3055 550 3102 11
568 3054 600 3102 W
615 3052 620 3118 Ι
634 3056 772 3119 rapereris
790 3058 807 3104 0
824 3069 850 3104 w
861 3053 872 3121 ΙΙ
884 3058 900 3105 1
919 3056 1074 3107 deueneras

105 3116 254 3170 Liuineius:
268 3120 409 3171 deueneris
422 3122 449 3168 11
461 3118 471 3185 ΙΙ
484 3124 550 3172 5-9
563 3122 628 3185 quid
641 3123 738 3172 tibi-
752 3123 879 3173 fortuna?
897 3129 957 3174 toto
970 3125 1073 3189 quippe

104 3187 211 3251 impetu
228 3212 261 3223 —
279 3203 346 3237 saxa
365 3194 545 3254 sequerentur
561 3192 596 3249 11,
616 3192 774 3254 transposuit
791 3192 926 3241 Acidaliae
938 3189 948 3255 ΙΙ
964 3193 980 3242 6
997 3187 1072 3256 toto]

106 3258 184 3303 tanto
198 3253 406 3317 Eyssenhardius
418 3254 428 3320 ΙΙ
441 3259 456 3306 8
475 3273 508 3307 an
525 3255 723 3322 ἱ11111111111Ι9
742 3255 863 3323 111111ΙΙ
879 3260 906 3306 11
925 3257 1028 3308 nullum
1039 3261 1074 3307 W

107 3316 120 3383 ΙΙ
135 3322 166 3370 12
184 3335 235 3370 nec
252 3322 325 3372 inter
342 3337 367 3371 w
378 3321 389 3388 ΙΙ
403 3326 434 3374 16
452 3325 592 3388 spectauit
610 3327 683 3375 edd:
701 3330 798 3388 specta
809 3327 832 3372 Δ
850 3331 982 3390 spectans
993 3327 1014 3374 B
1024 3326 1074 3375 1111

104 3391 216 3451 spectat
227 3402 252 3437 w
267 3386 271 3453 Ι
287 3395 380 3440 monte
395 3392 532 3441 defecerim
547 3389 551 3454 Ι
567 3391 666 3442 Xerses
679 3393 705 3439 11
717 3390 727 3457 Ι
740 3394 772 3443 22
790 3393 909 3442 uictoria
920 3394 944 3442 Δ
958 3390 962 3457 Ι
978 3397 1009 3442 at
1020 3394 1073 3443 AV

105 3468 122 3504 a
138 3468 164 3503 w
178 3452 183 3521 Ι
198 3460 225 3506 11
242 3458 265 3507 Δ
276 3458 308 3506 W
320 3457 409 3509 Bere:
428 3474 473 3510 om.
492 3459 513 3506 B
526 3460 543 3506 11
555 3458 577 3505 V
593 3456 603 3524 ΙΙ
621 3461 654 3510 23
671 3460 885 3524 interfectisque
903 3461 942 3523 Η,
961 3476 1031 3511 corr.
1047 3472 1074 3508 w
