2294 3780
213 155 424 209 MAXIMIANO
442 156 492 208 ΕΤ
511 154 773 210 CONSTANTINO
791 156 825 206 D.
846 158 921 206 1-2.
990 153 1052 217 149

78 326 218 390 eumque
239 304 339 370 Fama
366 306 452 371 ultra
473 308 624 370 naturam
652 326 716 389 qua
736 305 869 390 fingitur
891 305 1053 369 discursus

76 390 227 455 uolucres
248 393 393 454 mutuata
416 392 449 455 ct
463 391 536 475 plus
558 412 653 473 quam
674 389 762 453 mille
783 389 916 454 uocibus
937 410 1054 453 sonora

78 475 273 559 percrebuit,
295 478 333 539 ut
345 476 488 539 omnium
505 477 674 539 nationum
694 474 962 560 gratulationibus
977 494 1053 538 con-

80 562 224 625 secretur
256 559 401 644 (etquid
430 559 525 624 rebus
552 559 702 624 humanis
733 559 921 644 contingere
948 558 1055 641 potuit

80 646 140 708 aut
154 643 294 708 nobilius
316 644 356 707 ad
372 643 506 729 gloriam
530 647 585 708 aut
601 643 722 707 certius
745 644 936 708 adsalutem
960 645 1080 724 quam's

81 728 169 812 quod
190 729 346 812 pristinae
368 732 494 792 uestrae
517 728 709 793 concordiae
732 731 967 812 perpetuaeque
989 728 1055 811 pie-

81 813 145 878 tati
159 812 221 876 boo
237 833 362 896 quoque
379 812 498 897 pignus
514 813 658 896 accessit,
675 834 871 877 summorum
885 812 1053 876 nominum

83 898 247 962 artissima
262 896 487 962 coniunctione
500 897 691 980 uenerabile,
706 901 743 961 ut
756 897 942 981 imperatori
952 896 1054 960 filiam

84 981 291 1047 collocauerit
323 980 556 1065 imperator?):
600 982 655 1046 sed
688 986 799 1047 tamen
832 1003 893 1045 nos
927 983 1055 1064 oportet

84 1086 195 1131 omnes
210 1065 356 1129 homines
379 1065 577 1130 exultatione
599 1086 758 1149 superare,
781 1067 836 1149 qui
850 1065 912 1130 hoo
927 1068 1055 1129 tantum
1068 1084 1094 1124 ro

83 1151 132 1214 rei
154 1149 302 1234 publicae
317 1149 435 1214 bonum
453 1155 637 1233 praesentes
659 1151 819 1214 intuemur
841 1155 873 1214 et
895 1150 965 1232 ipsa
988 1150 1056 1212 uul-

83 1239 176 1298 tuum
210 1237 388 1298 uestrorum
423 1234 691 1317 contemplatione
725 1235 879 1298 sentimus
908 1235 954 1296 ita
982 1254 1056 1296 con·

83 1319 213 1382 uenisse
242 1338 318 1400 uos,
354 1319 402 1381 ita
430 1339 497 1382 non
525 1318 672 1383 dexteras
698 1320 841 1400 tantum,
875 1317 930 1381 scd
959 1316 1056 1380 etiam

85 1423 199 1467 sensus
221 1406 345 1466 uestros
367 1405 553 1486 mentesque
575 1403 717 1466 iunxisse
739 1405 785 1483 ut,
809 1403 836 1465 si
853 1401 923 1465 fieri
944 1401 1056 1484 possit,

86 1488 224 1551 transire
246 1487 385 1551 inuicem
407 1487 441 1550 in
465 1490 595 1570 pectora
616 1488 724 1551 uestra
746 1487 893 1571 cupiatis,
1069 1502 1095 1545 ιε

151 1570 194 1635 lI.
244 1570 326 1646 Quid
350 1572 434 1635 enim
458 1575 514 1635 aut
535 1576 572 1636 tu
594 1571 698 1637 carius
721 1572 796 1635 dare
818 1573 929 1635 cuttu
953 1570 1057 1634 carius

87 1655 232 1739 accipere
254 1655 415 1738 potuisti?
448 1676 519 1718 cum
541 1655 602 1720 hac
624 1656 781 1720 affinitate
804 1659 911 1720 uestra
933 1660 966 1719 et
987 1654 1057 1736 tibi,

87 1739 295 1821 Maximiano,
317 1761 376 1823 per
390 1760 546 1824 generum
560 1742 691 1805 iuuenta
709 1745 864 1805 renouata
878 1741 921 1804 sit
940 1743 973 1804 et
986 1738 1057 1821 tibi,

88 1823 320 1907 Constantine,
345 1845 402 1906 per
424 1845 569 1888 socerum
590 1847 705 1890 nomen
728 1825 930 1909 imperatoris
952 1845 1058 1888 acere·

87 1908 182 1973 uerit.
219 1909 376 1972 maximas
398 1909 506 1990 itaque
528 1909 635 1992 uobis,
659 1911 781 1975 aeterni
802 1910 979 1993 principes,
1002 1930 1058 1992 pu·
1071 1927 1096 1966 πο

88 1991 173 2057 blico
189 1992 320 2056 nomine
334 1993 457 2076 gratias
472 1994 608 2077 agimus,
626 1995 709 2076 quod
724 1994 935 2078 suscipiendis
949 1993 1057 2056 liberis

88 2076 301 2161 optandisque
327 2077 499 2160 nepotibus
526 2079 642 2142 seriem
670 2080 769 2142 uestri
791 2078 918 2162 generis
943 2097 1058 2161 propa·

113 2160 197 2225 ando
226 2161 373 2225 omnibus
401 2161 436 2225 in
464 2162 606 2225 futurum
636 2161 769 2226 saeculis
797 2161 989 2245 prouidetiS,
1022 2163 1059 2222 ut

139 2267 236 2308 mana
262 2267 313 2310 res
341 2245 418 2310 olim
441 2246 574 2310 diuersis
601 2246 783 2330 regentium
806 2245 948 2308 moribus
969 2243 1058 2306 satis·

87 2350 150 2413 que
179 2329 298 2394 iactata
319 2331 449 2394 tandem
471 2330 634 2413 perpetuis
656 2329 768 2394 domus
796 2331 920 2393 uestrae
942 2326 1055 2390 radici·
1070 2345 1096 2385 aa

87 2413 149 2478 bus
169 2414 372 2480 concalescat
385 2417 514 2498 tamque
529 2415 573 2479 sit
586 2414 767 2479 immortale
787 2413 874 2477 illius
888 2411 1058 2496 imperium

89 2519 186 2581 quam
206 2499 401 2582 sempiterna
421 2499 545 2563 soboles
563 2501 801 2583 imperatorum.
824 2497 903 2561 hacc
919 2500 968 2561 est
983 2518 1059 2561 uera

87 2582 208 2666 pietas,
240 2583 317 2648 haec
345 2583 493 2667 uoluptas
521 2585 731 2649 conseruandi
759 2583 885 2670 generis
912 2581 1058 2664 humani,

88 2667 271 2750 exemplum
299 2667 374 2732 dare
402 2668 553 2752 gentibus
584 2669 623 2731 ad
651 2668 858 2733 matrimonia
886 2667 1058 2731 studiosius

88 2753 269 2835 expetenda
304 2756 336 2816 et
368 2751 484 2816 liberos
522 2753 718 2833 educandos,
757 2755 793 2817 ut
825 2751 1055 2816 substituendis
1068 2767 1095 2808 eo

88 2836 345 2901 successionibus
366 2836 566 2921 singulorum
588 2837 670 2901 nihil
693 2838 778 2901 obsit
799 2855 1057 2918 unumquemque

88 2940 159 2985 esse
181 2920 359 3003 mortalem,
386 2943 458 2985 cum
479 2921 670 2986 immortalis
693 2923 736 2986 sit
757 2922 901 2985 omnium
922 2918 1057 3004 posteri·

88 3006 157 3069 tate
185 3025 236 3068 res
264 3004 404 3088 publica.
448 3027 561 3089 quare,
596 3007 622 3069 si
651 3006 738 3090 leges
766 3026 821 3070 eae
850 3026 930 3088 quae
958 3005 1058 3068 multa

159 3212 171 3259 l
190 3208 275 3269 ultra3
293 3213 376 3261 malim
393 3211 471 3260 iuxta
488 3207 498 3273 ll
515 3213 531 3260 4
550 3214 578 3260 ct
590 3212 692 3261 addidi:
712 3228 758 3263 om.
773 3212 800 3259 ll
818 3210 883 3275 quid
895 3212 966 3261 enim
979 3211 1056 3275 casp.

86 3272 131 3342 lb
149 3274 211 3344 aut]
231 3282 262 3328 ut
279 3279 302 3325 A
319 3277 364 3328 uel
383 3279 416 3326 W
430 3276 435 3342 Ι
451 3277 583 3328 nobilitas
600 3280 623 3326 A
642 3277 651 3343 11
674 3282 705 3327 12
723 3279 828 3329 uultum
845 3280 868 3326 A
882 3278 887 3343 Ι
903 3285 1056 3329 nostrorum

87 3345 121 3393 W
142 3341 154 3409 ΙΙ
175 3347 208 3396 13
227 3345 379 3395 dextrasv
400 3343 409 3409 ΙΙ
436 3346 466 3394 15
484 3345 604 3396 inuicem
622 3362 669 3396 om.
687 3349 720 3394 W
743 3344 753 3410 ΙΙ
778 3349 809 3394 ¹22
828 3346 1006 3410 propagando
1025 3359 1055 3410 ςε

87 3413 307 3478 prorogandam
331 3410 341 3476 l
364 3414 397 3461 26
415 3412 555 3463 coalescat
572 3415 633 3464 cdd.
658 3411 668 3477 ll
691 3415 725 3464 28
743 3412 872 3463 uoluntas
891 3414 1025 3461 Acidaliae
1047 3408 1056 3473 l

89 3481 123 3530 32
141 3480 215 3531 omni
232 3479 299 3529 AW
317 3481 436 3530 omnium
455 3479 483 3529 in
501 3479 576 3530 Bert.
594 3477 604 3544 fl
621 3482 654 3532 33
673 3495 705 3530 ee
724 3483 769 3528 W:
789 3495 804 3531 a
821 3481 844 3527 A
861 3479 913 3528 hee
931 3480 951 3527 B
968 3482 986 3526 c
1004 3479 1026 3525 V
