2294 3780
389 152 549 203 neriano
569 154 603 203 o.
629 154 738 204 ea-ro.
1003 151 1045 216 65

70 301 320 366 candidatorum
341 300 388 364 ita
408 300 596 364 consuluisti
617 323 658 365 ne
680 300 775 365 ullius
792 301 944 385 gaudium
967 303 1045 367 alte·

77 388 144 450 rius
166 385 298 450 tristitia
317 386 469 450 turbaret.
500 385 555 448 alii
578 406 650 449 eum
664 385 795 469 laetitia,
819 384 874 448 alii
898 406 970 449 oum
989 408 1045 470 spe

77 473 295 535 recesserunt:
322 469 431 533 multis
453 469 689 554 gratulandum,
713 491 808 533 nemo
831 470 1045 534 consolandus

78 555 150 619 fuit.
179 576 241 619 neo
262 554 334 618 ideo
356 555 485 639 segnius
507 555 639 617 iuuenes
656 557 781 618 nostros
804 553 989 619 exhortatus
1012 577 1045 619 es

77 641 229 703 senatum
252 639 472 720 circumirent,
498 639 622 702 senatui
644 638 863 722 supplicarent
884 643 979 722 atque
1001 640 1071 703 itae

78 746 97 787 a
118 724 266 807 principe
288 726 456 806 sperarent
476 723 629 805 honores,
651 723 678 786 si
701 745 720 786 a
742 727 855 787 senatu
876 725 1044 807 petissent.

78 827 141 891 quo
165 808 293 890 quidem
314 808 350 870 in
371 808 458 890 loco,
484 808 648 892 siquibus
670 828 749 891 opus
771 809 931 892 exemplo,
961 809 1045 872 adie-

72 892 153 955 -oisti
175 895 211 955 ut
232 895 264 955 te
286 891 498 956 imitarentur.
543 891 691 975 arduum,
716 890 842 975 Caesar,
865 894 1045 976 exemplum

80 980 112 1039 et
133 975 218 1058 quod
239 976 361 1040 imitari
387 997 453 1040 non
481 977 584 1061 magis
606 977 774 1060 quisquam
803 977 1046 1041 candidatorum

76 1061 632 1210 tlsstrtffltttdttuttz
648 1060 1046 1229 eiiimUiiutimffiitii
1059 1083 1084 1120 ¹⁰

79 1229 148 1292 uita
170 1231 240 1292 tum
261 1229 318 1293 illo
339 1230 410 1313 ipso
431 1232 575 1312 tempore
603 1251 666 1312 quo
688 1229 810 1292 iudicas
836 1229 874 1292 de
897 1229 1045 1292 eandida·

78 1311 146 1375 tis?
174 1335 216 1376 an
237 1312 325 1377 aliud
347 1335 366 1376 a
387 1316 419 1377 te
440 1335 534 1397 quam
557 1317 687 1378 senatus
710 1313 890 1376 reuerentia
904 1313 1046 1376 obtinuit
1067 1392 1075 1399 ¹

78 1403 116 1460 ut
143 1398 313 1461 iuuenibus
341 1398 516 1463 clarissime
545 1399 662 1482 genitis
689 1397 832 1461 debitum
858 1398 970 1482 generi
991 1397 1045 1461 ho

78 1502 206 1564 norem,
239 1487 273 1545 et
305 1485 475 1565 antequam
501 1483 683 1565 deberetur,
717 1482 871 1545 offerres?
915 1481 1044 1547 tandem
1060 1501 1085 1541 a

79 1586 157 1649 ergo
178 1565 330 1630 nobilitas
348 1587 415 1630 non
434 1567 632 1650 obscuratur,
654 1566 710 1630 sed
724 1565 906 1631 illustratur
927 1568 1046 1650 aprin-

74 1650 166 1732 oipe:
193 1651 323 1715 tandem
344 1651 416 1716 illos
439 1652 620 1735 ingentium
642 1651 784 1715 uirorum
805 1654 951 1735 nepotes,
974 1651 1045 1714 illos

75 1737 224 1817 posteros
244 1734 404 1799 libertatis
426 1756 486 1799 nec
507 1739 607 1800 terret
622 1736 738 1801 Caesar
758 1757 818 1800 nec
832 1739 945 1820 pauet,
968 1736 1046 1819 quin

78 1820 177 1881 immo
198 1819 363 1883 festinatis
384 1819 557 1884 honoribus
579 1820 754 1904 amplificat
776 1824 871 1904 atque
894 1826 993 1904 auget
1014 1824 1047 1884 et

79 1903 252 1966 maioribus
279 1905 344 1968 suis
368 1903 484 1968 reddit.
529 1906 556 1968 si
578 1905 654 1990 quid
676 1926 810 1989 usquam
831 1905 942 1989 stirpis
964 1905 1044 1968 anti·
1059 1926 1084 1965 so

77 1987 325 2135 libabit?
338 1988 497 2136 {tritt
511 1989 1047 2157 ttttdottrfflttultt

79 2175 157 2218 nore
194 2155 362 2219 hominum
401 2160 433 2220 et
466 2157 500 2221 in
533 2179 588 2222 ore
620 2157 728 2221 famae
764 2178 882 2240 magna
914 2155 1046 2219 nomina

78 2260 120 2302 ex
148 2240 289 2304 tenebris
318 2240 488 2304 obliuionis
515 2241 717 2325 indulgentia
740 2240 884 2304 Caesaris
914 2244 1042 2317 asserto,

77 2323 170 2387 ouius
192 2323 272 2388 haec
293 2327 346 2390 uie
366 2329 402 2388 ut
422 2326 547 2390 nobiles
570 2329 603 2389 et
626 2326 793 2388 conseruet
814 2326 847 2387 et
868 2322 996 2385 efficiat.
1059 2342 1084 2382 aa

144 2405 243 2471 LXX.
292 2408 481 2473 Praeiuerat
506 2409 690 2493 prouinciae
719 2410 868 2492 quaestor
896 2428 979 2470 unus
1008 2427 1046 2469 ex

80 2491 258 2556 candidatis
294 2495 391 2575 inque
424 2515 461 2558 aa
494 2493 635 2558 ciuitatis
672 2491 889 2577 amplissimae
925 2491 1046 2555 reditus

80 2577 212 2660 egregia
244 2577 472 2642 constitutione
503 2579 703 2643 fundauerat.
752 2576 813 2641 hoo
846 2577 974 2641 senatui
1002 2577 1046 2640 al-

80 2658 255 2742 legandum
273 2662 404 2744 putasti.
436 2683 491 2726 our
512 2664 598 2728 enim
619 2668 652 2726 te
668 2662 822 2745 principe,
845 2662 899 2745 qui
918 2661 1046 2746 generis

79 2744 129 2806 tui
152 2744 329 2809 claritatem
357 2746 475 2810 uirtute
503 2747 676 2830 superasti,
706 2746 845 2811 deterior
866 2749 952 2810 esset
973 2765 1045 2810 oon·
1059 2766 1084 2806 sc

148 3000 365 3052 aeoneolandus
384 3016 414 3067 ςε
439 3000 619 3052 consulendus
636 3002 664 3049 11
683 2999 694 3066 ΙΙ
714 3003 730 3050 5
748 3004 882 3052 senatui}
905 3002 909 3061 Ι
934 3002 1045 3050 circum·

80 3066 133 3116 iret
150 3068 187 3129 Η,
206 3083 274 3119 corr.
294 3083 310 3134 ς
326 3067 336 3133 ΙΙ
354 3072 369 3118 9
387 3072 476 3132 magis
492 3085 548 3125 non
566 3069 679 3135 quisque
697 3068 775 3121 carrd.
794 3066 878 3134 01111
896 3069 1005 3119 senatui
1021 3080 1047 3116 w

82 3129 96 3197 ΙΙ
117 3136 149 3184 13
167 3149 203 3183 an
220 3134 296 3186 aliud
314 3153 331 3186 a
350 3141 377 3186 te
395 3152 454 3188 sen.
472 3151 528 3186 reu.
548 3137 606 3187 obt.
624 3151 706 3199 qnam
724 3143 756 3186 ut
772 3148 798 3184 w
815 3133 825 3200 11
848 3137 880 3185 14
897 3135 1047 3186 clarissime

79 3201 185 3264 genitis
202 3203 348 3253 Liuineius:
368 3202 537 3254 clarissimae
554 3205 647 3268 gentis
664 3205 693 3250 1
712 3200 723 3268 ss
745 3205 776 3253 15
794 3207 821 3252 et
838 3218 898 3268 epo:
917 3203 965 3253 aed
981 3204 1009 3250 Π
1032 3200 1044 3267 ΙΙ

79 3269 114 3318 23
132 3283 179 3318 ere
198 3267 300 3320 Liuia:
319 3271 420 3321 honore
437 3273 464 3319 Η
479 3269 483 3335 Ι
499 3267 611 3337 magna]
631 3270 719 3333 magis
736 3271 792 3319 BV
803 3269 813 3336 11
826 3272 859 3320 24
876 3276 981 3320 asserta
999 3272 1045 3319 ad·

79 3336 150 3385 didi:
169 3353 216 3388 om.
234 3338 262 3386 Π
278 3344 401 3388 extracta
417 3339 521 3401 Lipsiae
538 3339 660 3389 excitata
677 3353 710 3387 ex
729 3338 852 3388 tenebris
869 3338 970 3387 Kellios
985 3334 995 3400 l
1013 3338 1046 3386 25

80 3403 124 3454 uie
143 3406 205 3454 add.
225 3405 339 3456 Keiliuc:
362 3423 409 3457 om.
427 3408 455 3453 H
478 3403 488 3470 [1
511 3407 545 3455 27
566 3407 596 3455 in
615 3420 649 3456 ne
666 3419 698 3455 ea
716 3406 842 3456 ciuitatis
864 3404 1047 3470 amplissimae

80 3471 200 3535 Lipsius:
218 3474 248 3522 in
267 3488 345 3539 quem
362 3488 395 3524 ea
414 3474 514 3523 ciuitas
532 3473 700 3538 amplissima
717 3474 745 3522 Η
763 3472 768 3538 Ι
788 3471 911 3522 redditus
928 3473 957 3518 Ι

127 3564 215 3606 Pma.
229 3574 283 3604 aar.
825 3556 842 3605 6
