2294 3780
241 150 492 201 CONSTANTINO
511 151 681 202 AUGUSTO
701 151 734 202 D.
759 153 865 203 15-17.
975 151 1039 216 205

69 321 129 365 nas
157 298 322 363 obsidione
350 300 501 364 differret.
545 301 663 384 quippe
691 300 779 363 omui
805 300 917 364 Africa
943 323 1039 383 quani

70 384 178 448 delere
200 386 356 447 statuerat
370 384 534 467 exhausta,
558 384 706 448 omnibus
725 385 838 448 insulis
853 385 1038 469 exinanitis,

70 468 192 532 infiniti
218 468 373 551 temporis
399 488 561 532 annonam
589 473 803 553 congesserat.
848 470 904 532 sed
930 470 1040 533 diuina

70 575 165 623 mens
193 556 227 616 et
252 552 353 636 ipsius
380 553 469 617 urbis
496 557 627 617 aeterna
654 556 803 617 maiestas
833 555 957 618 nefario
984 553 1041 617 ho·

70 637 154 701 mini
181 637 326 720 eripuere
354 637 540 718 consilium,
574 641 611 701 ut
633 659 672 702 ex
693 639 874 702 inueterato
900 638 955 703 illo
977 643 1067 702 tor-s

71 743 152 805 pore
179 741 218 785 ac
245 721 437 785 foedissimis
464 721 596 786 latebris
628 723 734 786 subito
762 727 983 807 prorumperet
1011 726 1043 786 et

74 807 266 889 consumpto
286 827 345 888 per
359 805 496 870 desidias
518 807 672 870 sexennio
695 808 800 889 ipsum
817 807 900 870 diem
922 808 1042 872 natalis

73 891 123 955 sui
144 889 259 954 ultima
280 911 338 953 sua
360 889 456 954 caede
478 890 632 1037 siqnaret
655 912 696 953 ne
719 893 934 974 septenarium
952 893 1043 956 illum

72 996 244 1040 numerum
270 995 395 1038 sacrum
423 977 456 1037 et
482 995 516 1037 re
530 975 668 1059 igiosum
694 976 747 1038 uel
769 976 949 1039 inchoando
977 978 1043 1040 uio·

73 1060 166 1123 latet.
195 1062 230 1121 at
250 1058 409 1142 quomodo
430 1059 583 1123 instruxit
605 1059 707 1123 aciem
723 1063 772 1123 tot
795 1065 952 1124 annorum
975 1082 1081 1125 uer-10

73 1145 153 1208 nula
175 1142 390 1226 purpuratus?
435 1144 481 1207 ita
505 1165 636 1227 prorsus
664 1165 705 1207 ne
749 1143 798 1207 uis
826 1144 975 1227 euadere,
1003 1167 1044 1208 nc

75 1228 279 1324 quisputfit,
302 1228 374 1292 loco
396 1231 502 1292 motus
524 1228 644 1292 referre
663 1166 798 1312 gradum
821 1231 854 1291 et
867 1228 1045 1292 instaurare

74 1311 232 1396 proelium
253 1316 371 1395 posset,
395 1334 466 1377 cum
489 1334 509 1376 a
529 1312 635 1375 fronte
657 1312 765 1393 armis,
788 1334 807 1375 a
828 1315 920 1396 tergo
937 1312 1045 1375 Tiberi

76 1417 172 1461 amne
193 1402 400 1479 premeretur.
445 1397 480 1460 in
502 1419 565 1480 quo
587 1395 641 1459 ille
668 1417 735 1459 non
757 1395 937 1460 mehercule
960 1396 1045 1480 cogi-

75 1482 162 1544 tauit
182 1481 407 1546 necessitatem
429 1480 609 1563 resistendi,
633 1481 688 1545 sed
703 1481 976 1564 propinquitatem
998 1502 1045 1544 re·
1059 1503 1084 1544 11

76 1565 240 1648 fugiendi,
268 1566 333 1629 nisi
354 1565 439 1629 forte
466 1567 532 1629 iam
560 1566 703 1630 sentiens
725 1565 809 1629 diem
837 1565 898 1629 sibi
920 1566 1046 1630 uenisse

77 1649 211 1713 fatalem
240 1648 280 1712 ad
302 1650 453 1714 solatium
480 1671 555 1713 suae
583 1651 696 1714 mortis
722 1650 824 1714 uoluit
850 1672 957 1715 secum
983 1655 1047 1713 tra·

77 1733 157 1798 here
179 1735 457 1818 quamplurimos,
480 1738 517 1798 ut
538 1756 648 1799 omncs
671 1737 780 1798 essent
800 1735 904 1799 exitus
926 1735 975 1799 sui
995 1755 1047 1798 co-

77 1818 175 1882 mites
196 1819 251 1965 qui
273 1819 428 1883 scelerum
449 1819 621 1902 participes
644 1820 834 1884 extitissent.
863 1820 937 1904 quid
961 1820 1045 1884 euim

78 1902 168 1966 aliud
189 1903 281 1985 ilum
302 1925 447 1987 sperasse
475 1904 668 1968 credendum
691 1904 763 1969 est?
808 1927 862 1988 qur
884 1928 948 1969 rum
972 1908 1047 1968 ante
1061 1927 1087 1967 10

78 1987 213 2050 biduum
234 1988 353 2070 palatio
377 1989 590 2072 emigrauerat
610 1995 639 2053 et
660 2011 732 2053 cum
754 2010 851 2052 uxore
873 2011 909 2052 ac
924 1989 990 2052 filio
1013 1989 1048 2051 in

79 2071 240 2154 priuatam
273 2071 401 2136 domum
435 2077 551 2156 sponte
585 2076 802 2154 concesserat,
837 2075 874 2135 ut
905 2093 955 2134 res
989 2073 1048 2152 cst,

78 2156 214 2220 somniis
236 2157 432 2221 terribilibus
460 2159 600 2241 agitatus
627 2159 660 2219 et
681 2155 847 2220 nocturnis
869 2156 980 2238 pulsus
1002 2155 1048 2216 ul-

79 2239 231 2321 tricibus,
256 2243 293 2304 ut
313 2245 348 2304 tu
372 2242 435 2305 iam
458 2243 535 2305 olim
558 2243 742 2323 expectatus
765 2239 929 2303 habitator
951 2239 1049 2301 sacris

79 2323 146 2388 illis
169 2325 301 2389 aedibus
323 2325 378 2388 diu
400 2327 531 2390 exulatis
554 2325 752 2408 expiatisque
780 2322 973 2387 succederes
1019 2324 1051 2385 et
1063 2343 1089 2382 11

80 2408 161 2473 adeo
184 2410 253 2492 ipse
281 2431 392 2473 uerum
419 2411 480 2474 sibi
503 2411 627 2473 dixerat
654 2412 687 2472 et
708 2411 844 2472 uenturo
866 2407 928 2471 tibi
950 2427 1050 2470 cesse·

80 2495 142 2574 rat,
161 2495 309 2640 quamuis
332 2496 366 2558 111
385 2494 540 2579 proelium
561 2493 781 2578 ingrederetur
804 2496 953 2574 armatus,
977 2512 1051 2555 oum

81 2598 159 2642 exce
183 2578 265 2642 ende
288 2579 495 2662 palatiolum
518 2601 552 2643 se
574 2578 751 2642 abdicasset
773 2577 918 2661 imperio.

154 2661 259 2726 XVII.
310 2663 362 2726 Ad
388 2663 527 2746 primum
554 2663 654 2747 igitur
684 2665 848 2746 aspectum
874 2661 1051 2728 maiestatis

81 2749 159 2810 tuas
173 2748 380 2831 primumque·
395 2749 549 2831 impetum
564 2748 662 2811 totius
677 2748 725 2810 tui
747 2747 879 2811 uictoris
895 2745 1052 2810 exercitus
1065 2765 1091 2806 so

81 2830 194 2895 hostes
221 2832 325 2895 territi
352 2833 519 2917 fugatique
552 2835 584 2895 et
613 2831 773 2915 angustiis
801 2830 916 2894 Muluii
944 2829 1053 2912 pontis

155 3006 170 3052 5
183 3019 296 3068 corpore
308 3005 330 3051 A
342 3001 352 3068 ΙΙ
366 3007 380 3054 7
394 3006 526 3053 sexennio
536 3004 673 3053 Petuuius:
685 3004 763 3053 senio
776 3005 804 3050 11
816 3000 854 3067 ll
867 3001 913 3052 uel
924 3018 970 3051 om.
982 3002 1026 3049 cv
1040 3000 1051 3067 j}

85 3066 424 3137 roannorum]a1·morum
436 3086 469 3133 111,
482 3072 691 3136 Eyssenhardlus
703 3069 713 3135 fl
727 3073 758 3119 13
772 3075 803 3119 ut
815 3071 882 3120 sitA
894 3068 904 3134 ΙΙ
919 3072 950 3119 13
962 3074 1055 3133 posset

84 3151 126 3186 w:
144 3140 233 3202 possit
246 3141 273 3186 Μ
288 3139 292 3203 Ι
309 3140 399 3202 tyberi
418 3155 498 3188 amno
511 3152 548 3186 w:
568 3139 670 3188 tiberii
683 3153 718 3187 ne
731 3139 753 3185 A
771 3138 879 3187 tiberim
891 3152 925 3186 ne
940 3137 1056 3186 Vtiberi

83 3220 122 3255 no
139 3206 157 3253 0
174 3206 266 3256 Tiberi
284 3207 394 3256 flumine
413 3208 490 3268 111111
507 3206 643 3256 Tiberi-
657 3205 795 3269 cogitauit
812 3222 859 3256 011.
877 3206 896 3253 B
910 3202 920 3268 [1
934 3207 966 3253 14
983 3206 1055 3267 cogi·

84 3274 161 3324 tacit
177 3274 263 3322 ΒΗ
275 3288 313 3324 w:
333 3275 469 3339 cogitabit
487 3271 531 3338 An
550 3274 580 3322 16
598 3272 670 3322 diem
688 3286 725 3324 w:
744 3274 813 3322 illem
830 3276 858 3321 11
870 3271 880 3337 ΙΙ
897 3275 929 3321 21
948 3278 976 3322 et
994 3274 1055 3321 cdd,

83 3342 163 3392 edd:
181 3357 227 3391 cm.
245 3344 273 3390 A!
290 3339 301 3407 ll
321 3345 354 3393 23
372 3342 486 3392 somniis
502 3343 612 3405 scripsi:
631 3341 718 3390 omnis
736 3343 763 3389 At
781 3341 861 3391 furiis
878 3353 903 3388 11
921 3339 1056 3389 ominibus

84 3410 223 3460 Acidaliae
235 3407 245 3474 ll
258 3412 291 3460 26
308 3411 397 3460 uirum
409 3411 431 3457 A
443 3407 453 3474 ss
466 3412 499 3459 30
510 3411 597 3460 toties
608 3408 650 3458 tui
661 3409 746 3458 Liuia.
761 3406 771 3473 ΙΙ
784 3410 814 3458 31
835 3407 962 3472 angustis
974 3407 996 3453 A
1005 3406 1025 3453 B
1034 3407 1057 3453 V

87 3474 214 3541 imulerit
231 3478 285 3525 AB
299 3478 331 3525 V:
351 3477 438 3527 miluii
457 3479 474 3527 0
492 3477 588 3528 111011ιί1
605 3489 629 3524 w
645 3475 650 3542 l
665 3478 768 3540 pontiis
786 3475 806 3522 B
820 3475 841 3521 V
859 3474 962 3538 ponciis
980 3474 1003 3519 A
