2294 3780
110 163 149 227 18
430 167 451 216 1.
489 165 518 219 G.
537 165 654 215 PLINII
671 165 751 216 PAN.

109 314 265 378 uehiculis
288 314 455 394 tumultus,
479 313 604 378 nullum
627 314 711 378 eirca
731 313 873 395 hospitia
893 314 1076 399 fastidium3

110 419 240 462 annona
262 419 340 482 quae
363 397 491 482 ceteris3
518 398 557 460 ad
580 398 643 461 hoc
665 398 833 462 comitatus
856 399 1019 463 accinctus
1041 403 1075 462 et

109 504 238 565 parcus:
277 482 398 544 diceres
425 502 579 565 magnum
605 482 743 566 aliquem
765 481 877 545 ducem
905 503 942 546 ao
963 486 995 546 te
1017 504 1074 565 po-

109 567 268 630 tissimum
284 565 324 628 ad
340 565 498 628 exercitus
513 565 574 632 ire:
598 567 676 631 adeo
691 566 773 630 nihil
791 569 846 630 aut
862 570 946 631 certe
960 589 1074 650 parum

83 674 96 713 s
109 651 263 713 intererat
279 649 364 712 inter
378 649 604 732 imperatorem
618 651 741 715 factum
756 653 788 714 et
802 650 953 715 futurum.
978 672 1074 733 quam

96 732 272 796 dissimilis
293 754 395 816 nuper
416 734 545 799 alterius
560 736 715 818 principis
730 737 899 799 transitus!
924 735 950 798 si
965 738 1074 798 tamen

107 817 262 881 transitus
284 816 354 900 ille,
384 839 452 881 non
473 820 637 901 populatio
659 820 738 902 fuit,
769 840 839 882 cum
865 819 997 882 abactus
1019 821 1073 882 ho·

109 901 240 986 spitium
267 901 415 966 exederet
442 904 611 985 omniaque
636 902 748 967 dextra
769 903 922 986 laeuaque
943 907 1074 986 perusta

110 990 142 1049 et
162 987 285 1069 attrita,
308 988 344 1049 ut
366 987 393 1048 si
415 986 464 1048 uis
486 987 593 1070 aliqua
614 987 665 1051 uel
688 988 750 1070 ipsi
772 986 819 1049 illi
842 987 970 1051 barbari
993 1008 1073 1070 quos

70 1070 256 1154 refugiebat
286 1070 467 1134 inciderint.
511 1071 766 1153 persuadendum
796 1071 971 1152 prouinciis
1005 1074 1074 1134 erat

108 1154 186 1218 illud
213 1154 276 1216 iter
303 1152 479 1217 Domitiani
507 1155 621 1235 fuisse,
656 1176 723 1219 non
755 1155 919 1238 principis.
964 1155 1073 1237 itaque

108 1259 174 1304 non
195 1241 264 1301 tam
285 1257 344 1320 pro
365 1241 422 1302 tua
442 1239 545 1322 gloria
567 1259 661 1322 quam
678 1259 736 1322 pro
752 1239 890 1302 utilitate
914 1241 1074 1301 communi

109 1323 212 1388 edicto
236 1321 399 1386 subiecisti
414 1322 490 1405 quid
512 1323 547 1387 in
561 1327 731 1406 utrumque
754 1326 896 1386 uestrum
918 1327 1002 1386 esset
1015 1323 1073 1385 im-

108 1430 255 1490 pensum.
286 1416 449 1471 assuescat
469 1408 643 1490 imperator
666 1430 738 1472 cum
760 1407 893 1491 imperio
917 1407 1073 1471 calculum

71 1513 96 1553 15
109 1512 243 1574 ponere:
281 1492 327 1553 sic
355 1494 460 1572 exeat,
495 1494 540 1555 sic
567 1493 692 1574 redeat,
727 1496 889 1575 tamquam
915 1492 1074 1553 rationem
1123 1537 1125 1540 .

108 1574 304 1654 redditurus3
329 1574 433 1636 edicat
455 1574 530 1656 quid
553 1576 775 1659 absumpserit.
805 1577 851 1637 ita
873 1575 928 1637 fiet
950 1581 1074 1636 utnon

109 1659 257 1722 absumat
279 1656 363 1740 quod
384 1657 503 1739 pudeat
525 1657 657 1722 edicere.
680 1662 844 1741 praeterea
865 1657 965 1719 futuri
986 1657 1073 1739 prin-

109 1743 204 1825 cipes,
226 1741 329 1805 uelint
343 1742 457 1822 nolint,
482 1741 586 1805 sciant
607 1745 691 1805 tanti
712 1762 773 1806 sao
794 1744 912 1805 itinero
933 1746 1075 1806 constare

109 1827 214 1891 debere
242 1827 355 1907 quanti
387 1828 477 1887 tuum
512 1828 652 1905 constat,
689 1825 922 1909 propositisque
950 1825 1073 1888 duobus

71 1933 96 1973 ao
110 1909 262 1993 exemplis
291 1908 495 1972 meminerint
521 1910 652 1992 perinde
681 1911 897 1974 coniecturam
919 1908 958 1973 de
980 1910 1074 1972 mori-

109 1994 168 2142 bps
191 1995 256 2058 suis
278 1993 425 2056 homines
448 2014 517 2057 esse
538 1993 693 2076 facturos,
718 1998 815 2078 prout
836 1994 898 2058 boc
919 1993 971 2058 uel
993 1994 1073 2057 illud

26 2148 29 2153 ,
109 2079 275 2164 eegcrint.

172 2163 260 2228 XXI.
278 2164 396 2231 Nonne
408 2167 458 2230 his
470 2170 520 2230 tot
529 2165 693 2248 tantisque
703 2164 825 2228 meritis
836 2185 937 2227 nouos
950 2162 1072 2245 aliquos

109 2247 256 2333 honores,
277 2272 379 2315 nouos
401 2252 512 2316 titulos
533 2249 719 2315 merebere?
742 2252 775 2312 at
797 2252 832 2312 tu
855 2249 951 2312 etiam
971 2247 1072 2330 patris

71 2355 96 2395 es
109 2335 232 2415 patriae
253 2337 432 2401 recusabas.
472 2358 567 2419 quam
588 2337 687 2420 longa
707 2334 799 2397 nobis
824 2354 892 2396 cum
916 2332 1073 2394 modestia

109 2421 164 2479 tua
185 2423 310 2500 pugna!
335 2443 431 2503 quam
453 2421 542 2484 tarde
563 2420 713 2483 uicimus!
737 2439 857 2482 nomen
874 2415 964 2497 illud,
988 2416 1072 2498 quod

109 2499 164 2562 alii
185 2501 288 2581 primo
315 2505 424 2565 statim
445 2504 643 2584 principatus
666 2502 731 2583 die,
759 2505 797 2564 ut
817 2501 1018 2583 imperatoris
1040 2502 1072 2562 et

110 2581 270 2665 Caesaris,
300 2589 503 2667 receperunt,
532 2590 567 2649 tu
590 2606 689 2668 usque
715 2606 752 2647 eo
775 2585 942 2666 distulisti,
973 2583 1073 2646 donee

109 2670 144 2729 tu
173 2688 311 2751 quoque,
342 2668 566 2732 beneficiorum
594 2672 720 2733 tuorum
747 2669 951 2751 parcissimus
980 2666 1073 2731 aesti-

176 2876 191 2922 3
211 2888 309 2936 parcus
323 2873 413 2937 Cusp:
431 2889 530 2938 parens
542 2875 569 2922 Μ
581 2871 619 2940 116
636 2871 735 2939 nuper]
754 2875 913 2938 imperatori
932 2873 968 2935 111
985 2877 1074 2923 trans-

109 2940 164 2987 itus
183 2941 315 3003 principis
334 2938 382 3005 1111
400 2944 414 2990 7
433 2941 625 3005 hospocian
646 2936 693 3006 118
712 2940 835 2991 exederet
853 2957 913 3005 epo:
933 2947 1075 2991 exerceret

108 3006 141 3054 W
159 3012 287 3056 exeeeret
299 3009 322 3056 V
340 3013 466 3058 exereret
478 3009 525 3056 Bc
538 3006 547 3072 ΙΙ
561 3012 576 3058 9
594 3008 637 3057 1111
655 3025 700 3058 om.
713 3010 746 3058 W
762 3008 808 3058 uel
820 3009 840 3056 B
853 3006 862 3072 ΙΙ
877 3011 908 3059 10
919 3007 1075 3057 inciderent

108 3074 144 3130 Μ,
163 3089 234 3124 corr.
253 3075 412 3125 Schwarzius
429 3075 592 3125 incidissent
609 3076 739 3140 Hauptius
756 3079 772 3126 l.
791 3079 806 3124 ἱ.
825 3092 850 3138 p.
869 3078 903 3123 27
915 3075 924 3141 ΙΙ
956 3076 986 3125 15
1005 3081 1074 3124 tam-

110 3136 203 3204 quam]
225 3142 333 3204 quasit
350 3139 360 3206 ΙΙ
380 3145 410 3192 16
429 3144 468 3192 ita
487 3141 532 3190 fiet
549 3168 582 3177 -
600 3145 630 3192 17
649 3144 788 3208 principes
807 3159 852 3191 om.
866 3142 900 3189 W
916 3145 976 3193 add.
994 3158 1074 3206 rnarp.

108 3223 140 3257 m.
154 3222 205 3257 rec.
219 3205 229 3270 ΙΙ
243 3210 274 3257 18
294 3209 383 3258 sciant
402 3211 473 3260 tanti
494 3213 569 3258 tuum
589 3208 705 3272 (tantum
722 3210 750 3273 0)
769 3213 930 3274 constetit,
948 3213 1074 3274 suppleri.

110 3276 200 3324 sciant
215 3277 286 3324 tanti
303 3277 354 3325 iter
369 3281 443 3325 tuum
463 3281 572 3326 constat
585 3277 767 3328 Itiucrslzusius
786 3277 876 3326 sciant
888 3279 986 3341 quanti
997 3281 1074 3325 tuum

109 3347 218 3392 constet
230 3343 371 3394 Gronooire
383 3347 472 3394 scient
484 3343 556 3393 tanti
568 3350 695 3396 constare
707 3349 838 3409 quantum
851 3351 959 3395 constat
968 3345 1075 3394 Momm-

108 3426 184 3460 senue
204 3409 215 3476 t
237 3413 268 3460 19
291 3412 495 3476 prepositisque
516 3413 533 3460 0
551 3412 584 3460 W
604 3409 614 3477 ΙΙ
635 3415 667 3462 23
688 3428 743 3462 non
766 3412 809 3460 his
829 3412 849 3458 V
870 3410 880 3476 11
901 3415 933 3463 27
957 3413 1075 3476 impera-

106 3483 198 3528 torum
216 3479 255 3527 W.
