2294 3780
448 140 663 193 PRAEFATIO.
972 141 1037 192 tux

76 297 108 356 in
129 296 316 356 membranis
338 304 492 355 exaratum
516 291 569 371 (ad
584 293 766 355 familiamc
787 297 921 374 pertinet
943 295 1038 355 ethic

73 382 151 455 illic,
181 400 221 440 ex
249 379 430 459 Cuspiniani
457 388 531 459 puto
559 378 709 452 editione,
739 379 941 458 interpolatus
969 378 1036 456 est),

71 485 166 545 porro
179 473 304 526 ueteres
323 463 443 524 schidae
459 483 478 521 a
494 462 603 523 Oarolo
619 463 739 543 Langio
754 464 795 524 ad
809 463 1038 523 Frobenianam

71 551 240 610 lectionem
267 548 403 609 conlatas
432 546 490 626 (nil
511 549 572 608 nisi
593 568 691 608 meras
712 549 825 628 Langii
848 549 1038 608 coniecturas

74 632 267 712 continent),
304 642 369 693 tum
399 633 569 712 apographi
595 633 798 693 Bertiniensis
826 655 844 694 a
871 633 1036 692 Francisco

71 720 180 780 hlodio
214 718 329 778 conlati
355 718 502 777 lectiones
530 737 549 776 a
575 716 679 777 Marco
706 717 845 779 Weleero
875 717 956 777 dono
989 737 1037 776 ac-

74 813 190 884 ceptas.
224 803 283 862 hae
305 810 407 862 antem
426 802 574 862 lectiones
597 822 614 861 e
635 802 813 862 monasterii
832 802 1038 861 Bertiniensis

74 886 173 968 (quod
199 885 449 964 Andomaropole
477 883 554 963 erat)
588 886 693 946 codice
721 887 853 966 quodam
879 897 1038 966 promptae

73 972 183 1051 quenti
206 982 309 1032 essent
330 972 421 1050 pretii
444 970 558 1031 dudum
579 971 759 1031 intellexere
781 972 841 1030 uiri
864 970 954 1030 docti.
998 970 1037 1030 de

72 1060 141 1137 ipso
170 1057 278 1116 codice
299 1055 422 1116 Modins
443 1054 516 1114 Kal.
539 1054 686 1133 Augustis
713 1076 741 1115 a.
763 1053 934 1116 MDXCVI
960 1055 1038 1115 haec

74 1142 115 1201 ad
129 1141 270 1219 Lipsium
289 1141 411 1219 scripsit
431 1134 611 1218 [Burmanni
626 1140 746 1220 sylloge
763 1141 852 1219 epist.
868 1140 885 1198 I
899 1161 929 1219 p.
948 1135 1035 1219 1101:

73 1223 260 1286 ‘meditabor
290 1226 336 1284 sic
362 1242 483 1303 quoque
510 1231 614 1283 tamen
645 1225 808 1284 extrudere
835 1225 894 1283 hac
921 1224 1039 1284 a'estate

72 1311 285 1390 Panegyricos
306 1328 389 1369 meas
404 1308 561 1381 lectiones,
584 1307 638 1367 ubi
656 1309 778 1381 multae,
802 1318 836 1367 ut
849 1328 949 1386 spero,
973 1328 1037 1367 non

78 1391 322 1455 contemnendae
350 1391 549 1453 delectabunt
575 1401 606 1452 te
634 1391 866 1453 emendationes
893 1400 924 1451 et
949 1393 1037 1451 casti·

77 1479 215 1555 gatiouas
238 1478 340 1538 bonae
367 1497 406 1537 ex
426 1474 504 1535 libro
526 1476 729 1551 Bertiniensi,
758 1498 822 1537 non
844 1477 933 1536 nimis
955 1475 1036 1536 bono

74 1563 130 1622 illo
152 1563 291 1642 quidem,
319 1563 375 1622 sed
401 1570 503 1621 tamen
529 1561 583 1620 tali
611 1570 645 1621 ut
666 1561 740 1621 mihi
768 1561 808 1621 ad
832 1583 883 1622 eas
906 1562 1038 1622 faculam

72 1647 284 1726 praeluxerit.'
315 1679 353 1688 —
382 1646 464 1706 hunc
490 1645 639 1719 codicem,
670 1647 743 1706 licet
764 1647 874 1706 multas
897 1648 1038 1725 egregias

72 1733 224 1791 lectiones
245 1730 408 1810 praebeat,
432 1739 549 1803 tamen,
576 1732 649 1809 quia
671 1731 700 1789 ei
723 1752 791 1790 cum
812 1741 981 1791 ceterorum
1001 1732 1037 1790 li·

72 1816 200 1875 brorum
225 1815 383 1894 seripturis
416 1834 479 1873 non
506 1816 700 1888 conueniret,
737 1815 820 1875 haud
848 1836 916 1875 raro
944 1816 1037 1875 inter·

71 1900 241 1979 polationis
262 1919 349 1959 reum
371 1898 511 1958 fecerunt
535 1897 626 1959 docti.
670 1920 753 1959 nunc
777 1900 897 1960 demum
922 1901 1037 1979 recipe·

73 1993 143 2043 rato
165 2003 184 2041 a
204 2004 253 2044 me
275 1984 382 2044 codice
400 1983 577 2062 Upsaliensi
599 1983 682 2044 illius
705 2003 827 2063 quoque
849 1985 1039 2064 praestantia

73 2069 169 2146 plane
189 2068 222 2127 fit
243 2069 419 2128 manifesta.
462 2076 596 2127 ceterum
618 2068 658 2128 ad
679 2068 802 2148 plenam
829 2069 911 2128 illius
933 2069 1036 2148 cogui-

72 2155 189 2212 tionem
210 2152 306 2212 multa
328 2151 449 2212 desunt.
478 2171 549 2211 nam
571 2161 603 2212 et
623 2172 787 2232 quamnam
808 2154 848 2213 ad
871 2153 1039 2214 editionem

71 2237 197 2296 Modius
228 2237 392 2297 contulerit
418 2236 643 2297 Bertiniensem
671 2239 821 2296 nescimus
852 2246 883 2295 et
910 2237 943 2294 in
972 2237 1038 2295 eius

68 2321 257 2380 lectionibus
277 2320 456 2381 adferendis
471 2322 570 2399 ipsum
584 2320 761 2381 Liuineinm
775 2321 825 2379 hic
839 2321 902 2379 illic
921 2338 1039 2379 errasse

70 2407 150 2465 mihi
172 2404 295 2484 quidem
316 2427 371 2484 pro
394 2404 551 2484 explorato
571 2415 626 2466 est.
655 2403 808 2485 equidem,
831 2413 865 2465 ut
886 2425 942 2484 par
963 2413 1037 2478 erat,

72 2508 182 2549 omnes
199 2489 401 2550 Bertiniensis
417 2489 581 2568 scripturas
599 2490 846 2564 commemoraui,
871 2489 910 2550 de
927 2489 1038 2570 quibus

73 2574 200 2634 disertis
227 2574 330 2634 uerbis
359 2581 489 2634 testatur
516 2575 676 2634 Liuineius
706 2571 792 2654 (nam
818 2576 851 2635 in
873 2575 921 2635 his
948 2574 1038 2634 rebus

73 2678 112 2717 ex
139 2659 264 2718 silentio
297 2659 341 2718 nil
369 2677 460 2737 posse
488 2659 629 2718 concludi
657 2659 855 2737 prudentium
886 2659 1039 2719 consentit

73 2741 210 2821 opinio),
245 2744 381 2822 exceptis
408 2744 551 2802 nimirum
578 2744 622 2803 eis
650 2762 724 2822 quae
753 2763 821 2803 cum
847 2743 881 2802 td
910 2763 1039 2804 consen·

71 2828 187 2886 tientes
216 2834 248 2886 et
272 2826 447 2887 indubitate
473 2847 563 2887 ueras
590 2828 624 2886 in
652 2829 752 2905 ipsum
776 2826 940 2888 uerborum
967 2848 1037 2888 con·

72 2919 192 2970 textum
220 2912 332 2991 recepi.
375 2912 435 2971 iam
461 2912 495 2970 in
517 2912 693 2971 uniuersum
721 2911 747 2970 si
770 2932 834 2972 rem
855 2921 1037 2992 spectamus,

71 2994 153 3054 liber
173 2995 378 3056 Bertiniensis
398 2996 475 3056 locis
496 2996 650 3075 plerisque
673 3016 742 3055 cnm
762 2996 796 3055 hi
817 2998 978 3070 consentit,
1004 2995 1038 3055 id

73 3078 272 3156 quodetiam
295 3080 334 3140 de
356 3080 400 3140 sis
419 3080 531 3158 quibus
552 3080 631 3140 nihil
654 3098 693 3138 ex
714 3079 768 3140 illo
791 3081 970 3142 adnotatum
992 3089 1039 3141 est

71 3169 209 3223 statuere
235 3165 319 3225 licet
362 3165 470 3224 insunt
490 3172 593 3225 tamen
620 3164 666 3223 illi
687 3165 836 3225 lectiones
865 3184 920 3226 eae
947 3184 1037 3244 quae,

70 3249 221 3327 quoniam
248 3269 286 3309 ex
310 3248 428 3310 scribae
457 3249 587 3309 alicuius
616 3249 767 3309 cerebello
792 3250 949 3329 profectae
971 3269 1038 3309 esse

69 3353 137 3391 non
161 3341 303 3411 possunt,
333 3334 419 3394 illum
441 3353 504 3394 non
533 3353 572 3394 ex
594 3334 660 3412 ipso
682 3333 716 3392 hi
743 3336 893 3413 originem
914 3335 1038 3394 duxisse

70 3418 237 3496 euincaut3
267 3418 306 3479 cf.
329 3439 377 3482 ex.
402 3438 444 3499 gr.
468 3438 498 3499 p.
522 3420 572 3494 93,
598 3419 636 3478 18
661 3417 832 3481 ‘oceanum’
864 3421 964 3479 Bora:
987 3435 1052 3476 om.

813 3534 857 3594 ἲ),
