2294 3780
115 148 179 213 310
437 152 499 203 ΧΠ,
529 151 663 204 uacari
681 154 763 206 rau.

117 300 309 385 crepitantia
335 303 420 365 torto
454 322 560 387 angue
587 302 691 388 flagra
742 304 886 368 uatiebas
918 325 960 368 ne
987 307 1088 371 morti

115 385 268 450 honestae
297 389 443 470 uacaret,
470 407 512 450 ue
539 387 682 471 regalem
709 325 801 453 iiiam
829 393 1087 456 sacrosanctum-

116 491 176 553 que
199 471 351 535 uestitum
373 471 473 554 impio
497 491 607 536 cruore
627 471 794 555 pollueret,
817 495 858 538 ne
881 474 984 539 cultus
1007 476 1088 541 olim

115 557 190 619 tuus
213 577 250 621 aa
265 555 416 639 deinceps
430 556 568 619 fratrum
582 578 680 640 purus
694 555 859 623 funestum
882 559 1085 644 sanguinem,

89 639 168 704 sual
183 640 259 704 dum
280 639 471 723 uindicatur,
494 640 662 725 acciperet,
686 663 728 706 ne
742 644 904 726 postremo
917 646 950 707 te
971 665 1087 710 manus

114 724 320 789 ulcisceretur
350 724 482 808 tyranni
515 728 548 789 et
576 725 707 792 deberes
736 725 876 792 Maximo
910 728 961 792 uel
993 750 1088 793 suam

114 813 260 873 mortem.

179 890 296 958 XLIII.
318 893 363 958 ut
376 893 472 977 p'lane
492 893 539 958 ita
555 898 669 959 cuncta
690 895 874 960 cecideruut
888 900 1006 961 utnon
1021 917 1087 963 ser-

114 978 191 1040 uata
213 978 307 1041 modo
329 977 424 1061 ultio,
447 978 503 1042 sed
525 977 673 1043 ordinata
694 980 849 1045 uideatur.
890 1002 965 1045 nam
987 982 1085 1065 unde,

78 1083 243 1145 requaeso,
266 1065 334 1127 tam
356 1063 526 1147 repentina
550 1064 715 1129 conuersio
737 1065 849 1149 utqui
871 1069 1024 1150 oppetere
1047 1068 1087 1130 ti-

114 1150 239 1211 muerat
260 1148 427 1213 interitum
454 1168 522 1212 non
544 1148 674 1212 timeret
694 1170 732 1213 ex
758 1152 843 1215 etere
865 1153 898 1214 et
919 1171 1016 1233 quem
1037 1151 1088 1214 in·

116 1232 255 1296 cluserat
280 1235 385 1296 metus
406 1233 567 1317 proferret
594 1172 755 1298 audaciai
797 1232 875 1298 hinc
902 1233 993 1298 nulla
1020 1235 1088 1300 iam

115 1316 237 1400 reliqua
265 1317 457 1382 festinandis
485 1316 580 1381 rebus
609 1339 715 1383 mora:
754 1320 898 1382 uetitum
918 1319 1088 1384 fortissimi

116 1399 212 1464 duces
238 1401 426 1466 instruendo
455 1401 669 1486 accinguntur
690 1402 868 1486 triumpho,
898 1404 996 1487 capiti
1018 1404 1087 1469 dia-

78 1507 104 1549 n
117 1485 209 1549 dema
241 1485 415 1569 decutitur,
452 1485 592 1550 humeris
623 1488 722 1551 uestis
753 1486 912 1570 aufertur,
948 1488 1088 1571 pedibus

116 1577 249 1634 ornatus
283 1570 445 1653 caeditur,
483 1574 571 1635 totus
599 1571 734 1720 denip'ue
762 1572 857 1636 homo
886 1575 1017 1656 aptatur
1047 1574 1089 1637 ad

115 1655 276 1720 meritum.
303 1655 431 1738 publice
453 1655 598 1739 publicus
620 1677 677 1739 spo
693 1657 773 1720 'ator
794 1657 929 1739 exuitur,
952 1660 1088 1722 nectun-

117 1742 170 1803 tur
197 1761 312 1804 manus
339 1762 484 1823 rapaces,
517 1740 680 1805 nudantur
708 1762 800 1805 crura
821 1740 975 1825 frigidus,
1009 1742 1087 1806 talis

117 1822 252 1904 denique
280 1824 344 1887 tuis
374 1824 504 1887 offertur
533 1824 634 1889 oeulis
664 1826 789 1909 qualem
816 1824 923 1890 offerri
951 1825 1090 1890 decebat

78 1929 104 1970 ao
116 1907 232 1970 uictori
248 1911 386 1991 captum,
403 1907 531 1971 domino
547 1929 682 1992 seruum,
701 1909 886 1993 imperatori
900 1915 1088 1993 tyrannum.

116 1994 233 2055 noctu
255 1991 355 2075 illum,
378 2013 440 2076 qua
461 2014 495 2056 es
511 1991 691 2075 elementia,
713 1994 749 2058 in
772 1998 979 2077 conspectum
994 1997 1089 2060 tuum

14 2143 16 2147 ,
50 2129 53 2132 ⁴
115 2077 227 2140 uenire
255 2077 426 2157 uoluisses,
458 2099 499 2143 ue
521 2078 628 2142 oculos
651 2077 732 2142 istos
758 2079 906 2143 omnibus
929 2079 1088 2143 salutares

116 2160 212 2224 homo
233 2161 378 2227 funebris
401 2163 559 2247 impiaret,
581 2162 645 2227 nisi
665 2163 787 2227 famam
809 2163 976 2228 confutare
997 2185 1088 2227 men-

118 2244 203 2309 dacii
230 2249 324 2330 teque
351 2268 490 2331 purgare
524 2246 635 2312 eodem
663 2250 745 2312 teste
775 2268 838 2330 quo
867 2247 1089 2312 insimulatore

79 2351 105 2392 as
118 2329 283 2395 uoluisses.
315 2330 413 2396 habet
435 2331 564 2414 ultores,
586 2331 686 2397 habet
707 2333 815 2397 nescio
838 2352 917 2416 quos
939 2333 1088 2397 internos

117 2436 208 2478 mens
231 2416 385 2481 scelerata
408 2417 575 2480 carnifices
597 2419 653 2480 aut
674 2416 744 2500 ipsa
762 2416 823 2480 sibi
846 2416 988 2481 carnifex
1012 2437 1089 2481 con-

118 2500 253 2564 scientia
281 2503 330 2564 est
357 2503 428 2584 aut,
456 2500 539 2584 quod
562 2501 665 2586 magis
688 2502 798 2582 credo,
828 2500 918 2565 omni
944 2501 1089 2565 seuerius

119 2586 168 2646 est
194 2585 382 2667 quaestione
411 2607 430 2648 a
455 2587 488 2648 te
517 2585 719 2670 interrogari.
764 2585 803 2649 ad
832 2586 968 2669 primam
996 2588 1089 2649 tuam

118 2687 231 2730 uocem
266 2669 388 2733 nefario
421 2669 544 2752 pectori
581 2690 713 2734 excussa
750 2669 908 2734 confessio
942 2671 991 2734 est
1027 2691 1089 2734 neo

79 2773 106 2814 ao
120 2752 265 2817 cunctari
287 2751 399 2817 saltem
428 2756 482 2817 aut
502 2754 671 2818 mussitare
694 2755 799 2838 potuit
820 2754 897 2837 quin
920 2753 1089 2818 consilium

119 2857 213 2901 omne
243 2837 393 2922 nudaret,
429 2859 463 2902 se
494 2837 643 2902 uidelicet
672 2837 793 2903 fauoris
823 2839 871 2903 tui
904 2837 1089 2902 obtendisse

187 3078 203 3124 2
222 3076 299 3127 illum
318 3084 497 3142 sanctumque
516 3078 592 3130 Bert.
616 3075 626 3143 ΙΙ
652 3082 668 3129 3
687 3094 720 3127 ue
739 3077 829 3127 cultus
849 3091 885 3125 w:
904 3092 956 3126 nec
972 3073 1049 3126 ultus
1066 3077 1090 3125 Δ

119 3158 172 3193 nec
189 3142 283 3194 uultus
300 3144 400 3209 Bcvss
413 3148 429 3194 4
448 3161 530 3209 purus
548 3148 655 3210 scripsi:
674 3146 785 3196 futurus
800 3141 895 3210 11111
913 3141 950 3208 et]
971 3147 1000 3192 ut
1012 3142 1090 3193 Bert.

118 3207 129 3276 Η
148 3212 179 3260 12
198 3209 243 3260 hic
261 3213 297 3273 H,
314 3216 422 3262 correxi
441 3210 450 3278 ss
476 3214 508 3264 15
524 3212 668 3263 deducitur
685 3213 718 3261 W
739 3210 749 3277 fl
774 3214 806 3264 18
824 3213 944 3277 fugitiuo
961 3213 1000 3269 Ι,
1019 3226 1090 3266 corr.

120 3280 255 3331 Acidaliae
267 3277 277 3345 ΙΙ
291 3281 322 3329 19
342 3278 557 3347 dicebatbsst‘z
575 3283 659 3331 neA:
677 3277 927 3345 nechVWf23
946 3279 1091 3329 funeris!

119 3343 129 3412 ii
146 3350 179 3398 25
197 3346 301 3399 ultores
319 3347 476 3413 Setefferua,
495 3365 557 3414 epo:
574 3353 652 3400 utres
669 3351 692 3399 Δ
710 3351 786 3399 utros
802 3348 888 3397 ΒΗ
905 3361 970 3396 uero
987 3359 1013 3394 w
1028 3345 1032 3411 Ι
1048 3348 1090 3398 in·

120 3417 254 3465 ternosA
282 3414 292 3481 ΙΙ
320 3417 353 3465 at
371 3421 419 3466 aut
437 3415 507 3481 quod
525 3448 559 3458 -
576 3419 608 3468 29
630 3415 766 3468 confessio
785 3421 829 3467 est
845 3417 928 3466 orac
956 3409 966 3477 ΙΙ
994 3415 1027 3465 28
1046 3419 1092 3479 est

120 3484 285 3548 quaestione
304 3485 394 3534 Bora:
418 3485 579 3550 quaestione
599 3489 642 3534 est
660 3486 687 3533 Μ
710 3481 720 3548 ΙΙ
744 3486 777 3535 30
794 3483 926 3534 musitare
943 3481 964 3531 B
982 3483 1000 3530 0
1018 3482 1040 3529 V
1058 3482 1092 3533 W
