2294 3780
248 200 466 253 GRATIARUM
483 201 595 254 ACTIO
613 202 775 257 IULIANO.
801 206 909 255 12-14.
1000 203 1063 267 255

93 349 149 413 riti
170 370 237 414 non
260 349 356 413 modo
377 351 556 434 imperium,
579 352 634 415 sed
657 353 753 416 etiam
776 354 876 416 uitam
894 354 999 436 perosi
1022 355 1063 417 ad

93 433 263 498 inferiores
287 434 409 517 aliquos
431 435 554 500 inferos
582 437 685 500 redire
707 438 932 520 properabunt.
975 437 1062 502 uide-

93 519 178 584 bunt
199 519 284 582 enim
306 519 424 583 iustum
446 521 662 603 principatum
685 522 847 585 laboribus
876 522 959 585 curis
980 523 1062 606 uigi-

92 603 146 667 liis
173 603 368 686 inquietum,
398 605 486 668 cuius
511 604 559 667 illi
581 605 697 669 faciem
726 627 894 669 amoenam
923 610 955 669 ct
977 627 1061 669 arna-

93 687 192 751 bilem
220 688 473 770 contemplantes
495 688 640 752 laborum
667 711 779 772 aspera
807 711 874 754 non
899 691 1087 754 uidebanta

157 770 247 836 XIV.
291 771 372 837 Cum
399 772 499 855 igitur
526 773 611 837 inter
637 775 768 858 egregia
795 776 926 860 negotia
947 776 1062 838 itinere

95 856 245 920 confecto
271 877 371 939 usque
400 856 439 920 ad
461 856 615 921 Thraciae
642 858 722 921 fines
748 864 939 942 peruentum
966 860 1060 940 foret,

95 941 213 1004 cursim
242 940 396 1023 disposito
424 943 582 1005 exercitus
610 949 788 1005 commeatu
817 943 856 1007 ad
884 943 1062 1007 Romanam

92 1024 207 1089 urbem
230 1045 377 1088 annonae
399 1047 534 1089 uacuam
556 1029 696 1089 mentem
719 1026 852 1090 reflexit.
888 1028 1062 1109 quemlibet

93 1109 193 1173 alium
215 1131 235 1172 a
257 1109 468 1173 subueniendi
495 1110 661 1174 conatibus
684 1112 877 1193 grauissima
898 1111 1000 1174 fames
1030 1114 1063 1174 et
1075 1130 1100 1167 10

91 1194 312 1257 tristissimum
334 1194 541 1276 reipublicae
562 1195 738 1278 periculum
761 1195 975 1261 deterruisset.
1006 1196 1060 1258 sed

91 1278 263 1362 stipendiis
289 1278 525 1360 prouinciarum
554 1283 587 1343 et
608 1279 793 1362 patrimonii
821 1280 869 1341 sui
891 1279 1059 1359 fructibus,

90 1366 161 1426 tum
178 1362 316 1445 undique
330 1361 501 1426 frumentis
522 1365 677 1446 coemptis
693 1385 791 1445 usque
811 1365 850 1426 ad
865 1362 1060 1442 opulentiam

93 1447 353 1529 [abundantiam]
378 1448 569 1511 esurientem
592 1449 656 1511 iam
677 1448 787 1517 urbem
808 1447 945 1511 refersit.
977 1447 1061 1510 dicet

90 1531 223 1614 aliquis:
247 1531 416 1614 ‘quomodo
431 1535 498 1595 tam
520 1532 621 1596 multa
638 1536 704 1595 tam
719 1532 810 1595 breui
824 1537 968 1615 tempore
976 1530 1004 1593 ‘l’
1029 1535 1062 1594 et
1074 1548 1099 1588 15

90 1622 191 1680 recte.
236 1616 292 1679 sed
314 1616 487 1698 imperator
514 1620 622 1680 noster
648 1616 736 1679 addit
764 1616 803 1680 ad
825 1621 951 1699 tempus
978 1616 1062 1698 quod

91 1700 160 1764 otio
189 1721 246 1764 suo
268 1700 418 1763 detrahit.
463 1701 545 1764 nihil
567 1722 696 1782 somno,
727 1700 809 1763 nihil
831 1703 949 1784 epulis,
978 1699 1061 1762 nihil

91 1785 159 1849 otio
189 1785 318 1867 tribuit;
354 1784 425 1867 ipsa
453 1806 487 1847 se
520 1785 715 1849 naturalium
747 1786 1061 1867 necessariarumque

89 1890 198 1933 rerum
221 1870 428 1951 usurpatione
450 1869 612 1954 defrudat3
645 1874 732 1934 totus
760 1870 935 1935 commodis
958 1869 1061 1967 publi-

92 1954 139 2019 cis
161 1957 263 2018 uacat.
296 1954 402 2037 itaque
425 1953 643 2038 grandaeuum
665 1955 728 2017 iam
751 1955 919 2038 imperium
941 1953 1061 2017 mdebi-
1074 1970 1100 2010 ao

90 2042 147 2102 tur
175 2038 225 2102 his
247 2037 302 2121 qui
329 2058 393 2101 non
424 2038 548 2101 ratione
571 2039 692 2101 dierum
720 2042 776 2100 aut
802 2041 976 2115 mensium,
1005 2037 1061 2099 sed

90 2144 224 2207 operum
238 2121 444 2186 multitudine
466 2126 498 2186 et
514 2123 700 2186 effectarum
715 2143 821 2184 rerum
836 2123 929 2184 modo
943 2119 1061 2183 Iuliani

90 2210 238 2289 tempora
265 2207 447 2270 metientur.
495 2227 566 2271 cum
591 2205 730 2270 Romani
757 2206 868 2288 populi
896 2205 1000 2266 uictus
1028 2206 1061 2266 et

92 2290 250 2355 exercitus
273 2294 468 2354 commeatus
491 2295 574 2354 esset
595 2292 630 2353 in
651 2289 797 2369 nauibus,
825 2289 860 2351 in
882 2288 986 2351 media
1008 2308 1060 2350 ex-

89 2375 268 2460 pediendae
291 2396 437 2439 annonae
458 2376 672 2458 trepidatione
697 2374 830 2437 nuntius
851 2372 941 2436 uenit
963 2371 1059 2454 pluri·
1072 2388 1098 2427 aa

90 2480 162 2523 mas
190 2480 289 2523 naues
317 2460 472 2523 Africano
500 2460 608 2523 tritico
636 2480 752 2543 graues
781 2457 857 2520 litus
883 2454 1060 2520 Achaicum

89 2547 327 2628 praeteruectas
351 2542 663 2627 Constantinopolim
685 2543 879 2626 peruolasse.
923 2541 1060 2625 permoti

90 2650 202 2693 omnes
225 2633 258 2692 et
279 2628 430 2691 aduersus
453 2649 507 2691 eos
530 2630 583 2711 qui
606 2649 694 2692 oram
716 2628 910 2692 maritimam
928 2627 1060 2690 tueban-

90 2716 145 2776 tur
177 2712 253 2776 irati
286 2714 433 2776 uenimus
468 2714 506 2775 ad
536 2713 729 2795 principem3
767 2712 888 2775 desidia
919 2711 1059 2774 iudicum

90 2800 220 2861 tantum
252 2797 373 2879 perisse
403 2796 558 2860 frumenti
593 2797 738 2860 certatim
770 2817 829 2878 pro
864 2816 898 2857 se
926 2795 1059 2876 quisque
1072 2810 1097 2849 ³0

92 2881 328 2964 conquerimur.
374 2884 408 2943 at
428 2881 584 2944 maximus
606 2881 780 2962 imperator
807 2899 954 2941 serenum
975 2879 1059 2939 reni-

92 2966 189 3029 dens:
213 2964 294 3028 nihil
318 2987 387 3029 esse
407 2969 586 3048 peccatum,
610 2985 675 3027 non
698 2963 759 3025 sibi
774 2963 894 3045 perisse
917 2982 997 3044 quae
1020 2960 1059 3024 ad

160 3190 176 3236 2
195 3188 294 3238 inferis
314 3188 457 3237 Gronoar'ua
488 3186 492 3247 l
525 3188 710 3251 properabant
728 3189 746 3234 0
780 3183 790 3250 ΙΙ
824 3188 839 3235 3
861 3185 934 3235 curis
952 3184 1059 3248 uigiliis

91 3272 138 3306 om.
158 3253 234 3307 Bert.
257 3252 267 3319 ΙΙ
292 3257 324 3305 10
342 3260 370 3304 et
388 3256 409 3303 Δ
427 3253 516 3304 aera:
536 3271 582 3304 om.
601 3255 621 3302 B
639 3256 656 3302 (1
674 3255 696 3301 V
712 3254 745 3301 W
766 3252 776 3318 ΙΙ
801 3255 832 3303 13
852 3252 985 3314 coemptis
1004 3253 1060 3300 fru-

91 3323 193 3373 mentis
211 3322 286 3372 Bert.
317 3320 327 3387 ΙΙ
358 3325 389 3372 14
406 3321 624 3371 habundantiam
642 3322 677 3385 A,
697 3324 766 3386 quod
781 3323 881 3370 seclusi.
900 3318 1060 3367 habundan-

89 3392 214 3454 tiamque
232 3390 361 3439 BGVW
384 3388 394 3454 ΙΙ
419 3391 451 3440 18
469 3391 558 3454 ipsum
577 3391 595 3436 (1
609 3388 615 3451 Ι
629 3389 867 3452 necessariumque
884 3387 907 3433 Δ
928 3384 938 3451 ΙΙ
964 3387 994 3433 19
1012 3382 1060 3434 de-

91 3457 188 3509 frudet
204 3460 227 3506 Δ
245 3457 336 3508 Bera:
355 3456 501 3507 defraudat
518 3458 539 3505 B
552 3458 570 3503 0
582 3457 604 3503 V
615 3456 648 3503 W
662 3461 666 3519 Ι
681 3456 801 3521 publicis
820 3452 967 3504 commodis
985 3449 1060 3503 Bert.

90 3532 99 3591 3'
117 3527 151 3576 24
168 3526 288 3576 nauibus
305 3526 378 3575 edd:
396 3525 521 3575 manibus
539 3526 567 3572 1
585 3524 659 3574 Bere.
