2294 3780
303 128 487 217 ornarat.
506 166 717 220 nrxrurnrr.
741 171 814 220 1-3.
983 168 1043 231 103

73 313 132 377 sed
146 313 248 377 multo
263 315 367 400 magis
382 315 556 380 uirtutibus
570 316 766 399 approbatis,
783 338 918 414 quarum
932 317 1043 382 infati-

74 398 198 483 gabiles
218 402 326 463 motus
349 402 382 463 et
396 400 535 483 impetus
557 401 627 483 ipsa
641 401 691 464 uis
705 400 884 466 diuimtatis
906 405 1042 485 exercet,

96 504 157 547 uae
184 503 240 547 uos
266 485 367 548 tantis
394 484 588 549 discursibus
609 487 677 549 toto
703 507 798 568 quem
825 486 938 570 regitis
965 486 1042 550 orbe

73 504 204 631 deducit
230 570 267 631 ut
288 588 349 632 nos
376 589 502 652 semper
523 570 634 633 anxios
661 570 761 633 uestri
784 570 918 634 caritate
939 591 1042 667 nuper

74 650 116 715 ad
137 651 321 715 libertatem
343 653 415 736 piae
436 653 674 737 conquestionis
695 654 874 738 impulerit,
897 676 969 719 oum
990 654 1069 718 rtis

73 756 154 799 nera
182 739 289 800 uestra
315 736 394 834 ipsis
416 735 544 801 hiberni
565 737 696 802 solstitii
719 738 830 803 diebus
856 760 915 822 per
936 738 1043 803 uicina

72 820 131 884 illa
158 819 246 884 caelo
268 819 400 903 Alprum
427 821 518 906 iuga,
548 821 661 905 quibus
683 821 811 887 Italiam
837 826 953 888 natrrra
975 823 1043 887 ual-

72 903 170 986 lauit,
205 925 324 988 perque
352 905 409 969 illa
437 927 515 969 saxa
548 909 582 970 et
607 905 766 972 duriorem
801 908 887 971 saxis
919 906 1043 971 niuium

72 988 268 1052 densitatem
290 989 445 1054 desiderio
467 991 566 1054 uestri
588 994 621 1055 et
643 1013 752 1056 amore
774 1013 977 1075 sequeremur
998 994 1041 1074 et,

71 1079 118 1169 at·
136 1073 239 1170 uirtus
266 1077 373 1138 uestra
401 1096 468 1139 non
495 1075 643 1160 sentiret,
677 1076 746 1159 pati
773 1097 831 1141 uos
858 1079 1042 1160 putaremus
1057 1098 1082 1137 ro

73 1178 236 1222 rnrunam.

138 1240 197 1305 ΠΙ.
255 1241 465 1307 Reddidimus
496 1246 606 1306 tamen
642 1244 799 1307 rationem
832 1242 1043 1307 sollicitudini

71 1331 205 1390 nostrae
242 1330 276 1390 et
312 1327 458 1410 inspecta
495 1328 625 1409 penitus
662 1328 796 1391 ueritate
833 1326 1042 1411 cognouimus

69 1431 157 1494 quae
185 1431 280 1475 eausa
301 1412 402 1476 faciat
430 1415 465 1475 ut
486 1433 650 1495 nunquam
672 1411 738 1476 otio
767 1411 966 1494 acquiescere
987 1432 1041 1475 ue·

72 1494 154 1558 litis.
197 1495 341 1578 profecto
369 1496 454 1559 enim
482 1517 548 1559 non
576 1496 698 1579 patitur
724 1494 786 1559 hoc
814 1494 960 1559 caelestis
987 1495 1042 1559 ille
1056 1517 1081 1558 15

27 1588 31 1597 “
71 1579 173 1642 uestri
195 1580 321 1660 generis
343 1580 500 1644 conditor.
529 1602 604 1644 nem
619 1581 757 1663 primurn
778 1580 933 1661 omnium,
956 1578 1043 1664 quic·

70 1662 150 1746 quid
165 1663 347 1728 immortale
362 1668 420 1747 est,
443 1669 527 1728 stare
543 1667 657 1748 nescit,
679 1664 936 1748 sempiternoque
951 1666 1043 1729 motu
1112 1736 1115 1741 ¹

71 1769 109 1811 se
131 1754 238 1812 seruat
259 1750 444 1814 aeternitas.
473 1748 587 1812 deinde
606 1749 776 1833 praecipue
798 1750 899 1813 uestri
920 1747 969 1811 illi
988 1770 1042 1831 pa-

71 1834 197 1915 rentes,
229 1835 281 1917 qui
311 1832 402 1898 uobis
430 1836 463 1897 et
483 1833 615 1897 nomina
641 1836 673 1897 et
694 1834 829 1917 imperia
850 1833 1041 1915 tribuerunt,

71 1919 1043 2086 lttttttttltetltteltttttttttt
1056 1940 1081 1977 ²⁰

72 2085 234 2167 quondam
256 2087 335 2150 caeli
350 2087 554 2169 possessione
567 2086 698 2150 Titanas
721 2090 753 2150 et
767 2107 840 2150 mox
856 2085 1044 2148 biformium

72 2168 159 2233 bella
179 2175 394 2234 monstrorum
416 2172 540 2255 perpeti
564 2191 640 2234 cura
661 2170 806 2254 quamuis
830 2168 1043 2252 compositum

72 2253 236 2337 gubernat
256 2255 426 2338 imperium
450 2260 546 2339 atque
567 2254 652 2317 hanc
673 2257 797 2318 tantam
819 2251 937 2317 molem
958 2251 1042 2315 infa-

72 2338 202 2422 tigabili
228 2361 328 2403 manu
356 2340 459 2403 uoluit
486 2339 692 2421 omniumque
720 2359 827 2400 rerum
849 2335 977 2399 ordines
1004 2356 1042 2399 ac
1055 2357 1082 2397 as

72 2423 161 2486 uices
183 2423 322 2508 peruigil
344 2427 460 2488 seruat.
491 2422 702 2506 nequeenim
725 2426 802 2486 tune
821 2418 1043 2485 tantummodo

72 2512 307 2592 commouetur‚
336 2529 408 2573 cum
429 2509 572 2573 tonitrua
594 2507 710 2584 incutit
739 2509 771 2570 et
792 2505 930 2570 fulmina
956 2504 1042 2588 iacit,

71 2590 264 2673 sedetiam,
294 2594 320 2656 si
343 2592 572 2657 tumultuantia
599 2593 830 2656 elementorum
858 2589 967 2654 officia
988 2611 1043 2672 pa-

72 2675 175 2758 rauit,
206 2676 415 2741 nihilominus
441 2680 550 2741 tamen
578 2679 610 2741 et
632 2677 701 2740 fata
728 2674 870 2759 disponit
898 2678 931 2738 et
956 2675 1043 2757 ipsas

72 2781 153 2843 quae
180 2761 297 2825 tacitae
325 2761 478 2825 labuntur
505 2782 599 2824 auras
624 2759 750 2844 placido
778 2761 852 2823 sinu
873 2758 982 2822 fundit
1011 2762 1082 2821 etro

141 2950 238 3014 tipsa
256 2966 303 3002 om.
322 2951 339 2996 c
363 2946 373 3012 ΙΙ
397 2949 529 2998 taurios
548 2962 564 3012 ς
582 2949 728 2997 Liuineius:
752 2946 850 2996 anxilii
868 2947 895 2994 H
922 2944 932 3010 ΙΙ
961 2945 1043 2994 binr-

72 3015 174 3080 pnlerit
192 3030 230 3065 w:
247 3016 407 3081 impleuerit
424 3016 451 3062 ll
469 3013 512 3080 116
530 3015 637 3066 hiberni
655 3013 772 3065 solstitii
788 3016 934 3065 Lire'ner'us:
952 3013 1043 3063 hiber-

71 3085 115 3132 nis
133 3084 245 3134 hostilis
261 3086 288 3132 H
307 3084 381 3132 Bert.
395 3080 405 3146 ΙΙ
420 3085 450 3132 10
468 3087 499 3132 ut
517 3083 605 3133 uirtus
621 3085 733 3146 serr'psr':
752 3082 843 3131 uirtus
861 3083 887 3129 Μ
907 3081 960 3130 etsi
979 3081 1042 3131 cdd.

71 3152 217 3212 Rtenrrnnn
237 3150 304 3200 licet
316 3150 450 3200 Acidaliae
465 3148 470 3212 Ι
486 3151 572 3200 sentit
584 3151 611 3197 Π
626 3148 631 3213 Ι
646 3164 696 3199 nos
710 3146 765 3213 ΠΗ
781 3151 811 3199 12
830 3147 997 3198 reddidimus
1012 3160 1043 3211 ςε

71 3218 210 3270 reddimus
222 3216 317 3283 11113
335 3223 444 3267 uestrae
458 3218 494 3278 Π,
514 3234 582 3268 corr.
595 3216 757 3281 Bouporsr‘us
774 3213 784 3280 ΙΙ
804 3218 834 3264 16
853 3215 979 3266 conditor
997 3212 1057 3263 uel·

70 3286 206 3351 parensd
221 3285 225 3350 Ι
242 3287 357 3351 primum
370 3286 444 3335 edd:
462 3283 537 3347 plum
548 3287 575 3333 H
592 3284 747 3335 diuinorum
761 3297 786 3332 w
798 3281 808 3347 ΙΙ
822 3286 853 3333 18
872 3287 967 3333 uersat
980 3281 1044 3329 Aer·-

69 3356 155 3405 dalr'ns
179 3351 189 3418 l
213 3355 246 3403 21
268 3357 332 3417 post
349 3351 574 3416 repercuteretur:
596 3357 709 3416 praeter
727 3353 754 3400 bl
777 3348 788 3415 ΙΙ
811 3353 843 3399 22
862 3349 991 3400 biformia
1011 3347 1044 3394 W

71 3419 84 3485 i}
104 3423 139 3471 25
158 3418 205 3485 nc]
225 3424 254 3470 et
265 3421 298 3469 W
315 3418 326 3484 ΙΙ
343 3422 375 3469 29
395 3424 424 3469 et
441 3418 503 3469 fata
522 3419 731 3485 disponitAW:
751 3434 797 3469 om.
816 3418 864 3466 Bc
875 3418 907 3477 V3
926 3419 953 3467 in
966 3414 1043 3466 Bere.

66 3492 99 3541 et
116 3486 178 3540 fata
195 3486 334 3554 disposuit
351 3490 366 3542 1.
381 3487 414 3538 25
430 3490 494 3551 port
512 3503 596 3538 mann
613 3487 705 3537 uoluit
722 3491 815 3537 extant
