2294 3780
212 135 423 187 Maxlrsseno
443 137 490 187 ET
511 135 767 189 CONSTANTINO
785 139 821 188 D.
843 141 951 191 10-12.
1007 138 1066 203 157

95 290 145 369 et,
175 285 327 369 quoniam
351 285 525 369 tranquillo
554 286 633 350 mari
655 288 784 370 portum
812 287 932 352 intrare
954 308 1068 372 prope·

96 369 194 454 rasti,
216 370 298 434 uada
319 391 377 454 per
397 370 514 434 fluctus
536 370 599 433 mei
620 372 747 454 quidem
769 392 877 436 amore
899 372 1066 456 sollicitus,

96 455 154 518 sed
176 457 234 518 tua
255 454 423 519 maiestate
445 476 584 519 securus.
620 459 652 518 et
673 459 783 520 tamen
805 477 862 539 per
883 459 916 520 te
937 456 983 520 ibi
1005 459 1068 521 ste·

94 538 185 621 terit,
207 542 236 605 ai
257 539 408 603 iniuriam
430 538 465 602 in
486 540 550 603 mei
572 539 777 606 restitutione
799 540 937 624 patieris.
966 542 1068 625 impe·

95 623 179 687 rasti
200 623 324 707 pridem
345 624 478 707 rogatus
500 645 519 687 a
540 623 657 706 fratre,
687 645 795 689 rursus
817 626 940 708 impera
963 625 1092 690 iussusr

96 730 120 771 a
139 711 265 772 matre!
299 729 319 771 ο
342 706 527 789 caelestem,
550 708 727 792 imperator
748 712 891 793 aeterne,
915 710 1068 794 pietatem

96 796 188 856 tuam
221 813 304 876 quae
335 795 427 856 tuum
454 793 544 856 illum
576 793 720 857 animum
752 814 879 878 semper
910 795 1068 859 inuictum

97 878 170 941 sola
197 877 285 941 uicit.
330 898 399 941 non
420 877 552 960 potuisti
577 878 725 942 resistere
753 883 883 944 sanctae
904 879 989 943 illius
1012 900 1067 1026 pa·

93 962 201 1026 sentis
234 961 369 1045 imperio
402 966 435 1024 et
460 961 582 1026 inuitus
608 961 686 1026 licet
712 962 846 1046 paruisti
879 967 912 1028 et
938 967 970 1028 te
1002 964 1013 1027 i
1039 964 1067 1028 is

95 1045 223 1194 llll
249 1045 890 1213 {lillislullnlllllitlnffirfflrll
910 1051 1066 1215 {llll
1079 1069 1105 1109 ¹⁰

96 1217 191 1299 potes
212 1179 427 1297 ’compensare
449 1214 612 1279 beneficiis
634 1214 695 1279 hoc
716 1180 764 1279 t'ui
786 1216 987 1299 imperatoris
1012 1182 1067 1278 ob3

96 1299 269 1383 sequium?
314 1299 369 1383 qui
396 1300 487 1363 tanto
514 1320 574 1362 usu
600 1299 703 1363 sciens
731 1304 868 1382 quantus
897 1299 939 1362 sit
966 1300 1066 1381 impe-

97 1383 192 1448 randi
222 1382 313 1448 labor
320 1432 329 1466 ,
363 1385 494 1467 propter
521 1388 553 1447 te
581 1404 649 1446 non
678 1383 779 1447 utitur
810 1383 866 1446 illa
894 1403 988 1466 quam
1016 1382 1067 1446 de·

98 1470 289 1553 gustaucrat
317 1467 484 1552 uoluptate
511 1470 701 1551 tantumque
733 1467 780 1531 rei
806 1466 954 1551 publicae
986 1487 1067 1531 onus
1080 1485 1106 1526 15

98 1552 237 1636 suscipit
263 1554 338 1636 post
361 1552 511 1636 quietem.
554 1551 682 1616 facilius
703 1551 809 1616 fuerat
829 1552 946 1636 iugibr
968 1551 1067 1635 impe·

98 1658 189 1701 rasse
222 1636 379 1721 (quamuis
407 1636 492 1700 enim
520 1657 674 1721 magnum
701 1636 842 1702 laborem
870 1635 1067 1701 consuetudo

97 1742 167 1785 non
188 1720 317 1881 sentit&
344 1721 527 1785 intermissa
549 1721 730 1786 desiderant
750 1742 852 1786 nouas
873 1722 967 1786 uires.

164 1804 237 1870 XII.
311 1808 409 1869 nanta
431 1826 510 1888 opus
532 1805 596 1870 fuit
616 1806 690 1884 tibi,
722 1806 898 1890 imperator
926 1810 1065 1888 aeterne,

122 1890 318 1972 rouidentia‚
346 1893 467 1974 quanta
494 1891 686 1955 auctoritate
713 1895 750 1955 ut
774 1890 916 1957 subsidia
942 1891 989 1954 rei
1011 1910 1106 1974 puro

98 1912 203 2038 llicae
219 1975 357 2040 iaceatis
375 1974 524 2058 erigeres
547 1975 732 2042 exanimata
753 1997 920 2057 recreares,
943 1975 1068 2057 dilapsa

99 2058 293 2143 colligeres?
336 2059 532 2123 mirabamur
559 2064 591 2124 te
619 2061 695 2143 post
715 2059 886 2143 imperium
913 2080 982 2123 esse
1004 2059 1068 2140 pri·

99 2145 221 2208 uatum.
265 2142 367 2207 multo
393 2145 498 2226 magis
525 2145 643 2207 mirum
666 2146 715 2206 est
743 2147 770 2207 te
792 2142 961 2226 imperium
983 2141 1067 2207 ferra

99 2232 177 2310 post
200 2228 311 2292 otium.
357 2227 444 2291 solus
465 2226 544 2309 hoc,
567 2229 604 2292 ut
625 2226 752 2309 dicitur,
776 2226 882 2309 potuit
903 2225 980 2288 deus
1002 2224 1067 2307 ille,

99 2313 191 2376 cuius
213 2312 298 2375 dona
320 2314 397 2375 sunt
418 2310 501 2396 quod
523 2312 663 2375 uiuimus
685 2312 718 2373 et
738 2309 891 2391 uidemus,
914 2310 951 2372 ut
971 2308 1067 2373 habe·
1080 2327 1107 2368 rs

100 2417 161 2460 nas
183 2395 266 2460 male
289 2396 426 2460 creditas
449 2400 482 2460 et
505 2417 631 2460 currum
653 2394 744 2458 deuio
766 2397 890 2458 rectore
905 2392 1068 2458 turbatum

100 2481 259 2564 reciperet
272 2501 460 2564 rursumque
475 2480 643 2565 derigeret.
673 2479 761 2544 cuius
784 2477 887 2542 simile
910 2478 1007 2543 etiam
1022 2479 1068 2561 tu,

101 2565 286 2649 imperator,
307 2562 404 2629 facile
425 2565 541 2630 fecisti.
586 2585 690 2649 neque
711 2563 745 2628 id
766 2564 894 2627 mirum.
936 2563 1068 2628 minime

102 2651 188 2713 enim
210 2670 231 2712 a
251 2652 285 2714 te
306 2649 438 2714 recessit
459 2650 643 2734 imperium3
669 2652 717 2729 et,
740 2648 885 2733 priuatus
908 2647 985 2712 licet
1005 2646 1068 2712 dici

101 2733 213 2817 uelles,
235 2732 376 2798 inhaesit
396 2733 456 2797 tibi
477 2734 626 2819 ingenita
647 2733 808 2799 maiestas.
849 2753 959 2797 omnes
982 2753 1068 2796 exer·
1081 2748 1107 2789 ³⁰

102 2818 185 2882 citus
207 2818 307 2882 uestri
329 2838 501 2901 omnesque
520 2818 705 2902 prouinciae
726 2817 924 2902 requiescere
945 2819 977 2880 te
996 2818 1069 2898 post

170 3060 187 3106 2
205 3058 276 3108 unde
295 3071 331 3107 w:
351 3057 432 3107 ualde
450 3058 477 3104 Π
490 3055 528 3121 13
545 3056 587 3106 ibi
602 3058 710 3120 scripsi:
729 3054 780 3107 tibi
796 3056 823 3103 H
835 3053 874 3120 14
891 3056 915 3104 ci
932 3057 994 3106 add.
1012 3057 1069 3106 Aci·

101 3125 202 3176 dalius:
214 3141 262 3177 om.
274 3127 301 3174 Ι
313 3122 324 3190 l
336 3127 352 3175 5
364 3123 469 3190 pridem
496 3123 604 3188 qnidam
614 3125 647 3172 w
659 3121 669 3189 11
681 3126 697 3175 9
708 3123 830 3174 inuictus
842 3122 906 3172 ΛΠ
918 3120 928 3188 1
942 3124 974 3173 10
986 3121 1069 3185 curis]

101 3193 184 3243 turiis
196 3193 219 3242 A
231 3191 242 3258 1
256 3193 288 3242 16
305 3191 464 3258 suscepitA
498 3193 530 3241 21
550 3192 671 3242 iacentia
685 3192 745 3242 add.
759 3190 851 3253 casa.-
868 3187 1023 3254 01111123
1041 3195 1070 3240 te

101 3261 207 3311 addidi:
226 3276 272 3311 om.
290 3262 317 3308 Π
334 3258 394 3325 1124
411 3258 458 3308 ille
476 3257 542 3309 deus
558 3255 613 3324 Wss
630 3261 664 3310 25
681 3258 755 3309 bona
772 3260 790 3307 0
806 3256 816 3323 11
832 3259 866 3308 26
884 3273 992 3308 currum
1009 3258 1071 3308 Jac-

101 3343 194 3392 perae:
212 3342 321 3378 cursum
337 3328 364 3375 rt
379 3326 384 3391 1
400 3332 508 3377 rectore
527 3339 557 3392 ςε
574 3329 687 3377 uectore
705 3324 799 3391 11127
818 3326 898 3390 dirig.
915 3326 1045 3374 ΜΠ]
1064 3323 1068 3389 1

102 3399 133 3445 tu
151 3395 302 3460 imperator
321 3396 405 3446 etiam
422 3396 457 3454 1,
475 3396 624 3460 transposui
635 3391 645 3459 1
657 3395 690 3444 28
708 3388 809 3458 neque]
828 3392 926 3444 namA
941 3390 945 3455 1
960 3389 1071 3442 minime

100 3465 213 3526 scripsi:
231 3477 292 3513 eum
309 3462 345 3526 Η,
364 3476 503 3527 nunquam
523 3458 656 3513 Acidaliae
672 3459 683 3526 1
700 3463 732 3512 31
750 3466 813 3526 post
831 3477 878 3512 om.
896 3459 928 3508 W
