2294 3780
120 171 183 236 276
442 172 504 222 xri.
535 171 667 221 eleari
684 171 766 222 Pau.

120 323 311 404 imperatore
337 320 488 384 nobilitas
517 321 584 384 eius
613 341 681 384 esse
703 319 805 383 filium
827 319 1006 402 prinoipem
1033 318 1088 402 qui

119 407 269 502 princeps
302 427 370 469 esse
405 405 565 487 debuerit,
602 405 656 486 qui
683 404 769 468 huno
802 403 935 466 humani
962 403 1088 486 fastigii

120 512 243 638 titt?
256 487 1088 656 ttilliti?stltltitllttttttttttt

94 659 208 722 suelut
222 661 278 722 tua
297 657 377 720 haee
392 657 496 719 forma
517 657 708 721 uenerabilis
731 677 826 739 quam
840 655 989 720 fortunae
1011 677 1090 721 suae

118 764 179 838 par
201 743 265 804 esti
306 762 401 822 quam
423 741 519 887 lonpe
541 742 667 824 lateque
690 741 862 822 oonspieua
883 740 1089 805 commendat

118 826 361 908 imperatorem!
405 829 441 888 ut
462 848 558 908 pane
585 826 620 888 in
642 825 792 911 ambiguo
815 825 857 888 sit
882 826 1032 889 utrumne
1054 828 1090 889 te

118 910 223 993 magis
237 909 357 994 nestris
377 910 537 973 mentibus
552 910 654 973 uirtus
676 931 718 972 an
732 908 897 991 optutibus
911 908 1020 972 uultus
1039 909 1088 973 in-

119 994 233 1058 sinuet.
257 1015 323 1057 non
336 994 455 1057 frustra
466 993 561 1077 plane
576 993 726 1077 opinione
740 993 947 1076 sapientium,
964 993 1019 1075 qui
1030 1015 1088 1056 na·

80 1097 105 1137 10
117 1077 270 1142 turalium
291 1081 452 1142 momenta
473 1099 637 1142 causarum
655 1078 802 1142 subtilius
824 1077 979 1141 sciscitati
999 1098 1089 1143 area·

118 1162 169 1226 nis
189 1163 378 1227 caelestibus
392 1162 518 1227 nobiles
539 1184 631 1226 ouras
646 1163 835 1242 intulerunt,
860 1161 1088 1245 augustissima

118 1268 261 1331 quaeque
284 1247 405 1329 speeies
427 1246 601 1329 plurimum
623 1247 761 1311 ereditur
775 1245 902 1309 trahere
925 1245 963 1310 de
986 1245 1086 1310 eaelo.

118 1332 185 1394 siue
214 1331 299 1395 enim
328 1331 454 1396 diuinus
482 1332 537 1395 ille
571 1332 695 1395 animus
724 1332 877 1394 uenturus
906 1330 942 1393 in
969 1351 1088 1413 eorpus

120 1417 252 1500 dignum
274 1416 362 1498 prius
384 1418 524 1479 metatur
544 1415 721 1499 hospitium
742 1415 826 1497 siue,
850 1436 923 1479 oum
944 1415 1085 1498 uenerit,

81 1520 105 1558 15
118 1522 176 1582 pro
199 1500 310 1562 habitu
331 1521 389 1564 suo
411 1501 507 1583 fingit
529 1498 748 1564 habitaoulum
776 1499 843 1563 siue
866 1499 953 1563 aliud
979 1520 1019 1563 ex
1040 1499 1087 1563 al·

117 1591 186 1646 tero
209 1584 323 1647 erescit
344 1587 391 1666 et,
417 1606 487 1649 eum
511 1606 544 1647 se
564 1584 655 1666 paria
676 1584 927 1665 coniunxerunt,
950 1585 1088 1666 utraque

117 1667 249 1731 meliora
271 1671 363 1731 sunt:
385 1688 516 1751 paream
539 1690 691 1732 areanum
713 1668 850 1732 caeleste
872 1667 990 1734 rimari.
1024 1667 1087 1733 tibi

117 1752 203 1813 istud
230 1753 288 1814 soli
310 1755 436 1834 pateat,
467 1753 654 1835 imperator,
686 1774 758 1816 oum
779 1753 838 1816 deo
867 1755 1015 1817 consorte
1037 1773 1086 1817 se-

119 1837 248 1896 cretum.
291 1834 370 1897 illud
397 1836 501 1898 dicam
528 1837 613 1919 quod
641 1836 835 1900 intellexisse
860 1835 1026 1901 hominem
1053 1840 1086 1901 et

78 1937 103 1974 ro
117 1916 235 1980 dixisse
257 1918 306 1980 fas
329 1921 392 1982 est:
415 1919 514 1985 talem
537 1941 605 1983 esse
625 1920 737 1985 debere
760 1921 815 2004 qui
836 1920 987 2004 gentibus
1010 1919 1085 1984 ado·

116 2005 219 2082 ratur,
255 2003 306 2066 oui
334 2006 402 2066 toto
431 2004 507 2068 orbe
535 2006 691 2068 terrarum
718 2006 845 2087 priuata
873 2005 927 2068 uel
954 2005 1085 2088 publiea

116 2089 192 2150 uota
218 2087 408 2170 redduntur,
438 2111 457 2151 a
485 2110 546 2172 quo
574 2089 656 2172 pet't
682 2089 894 2172 nauigaturus
921 2110 1083 2173 serenum,

115 2171 377 2254 peregrinaturus
399 2173 551 2252 reditum,
574 2177 774 2257 pugnaturus
797 2173 983 2256 auspicium.

180 2255 254 2320 VH.
305 2255 451 2338 Dudum,
485 2261 522 2321 ut
548 2258 656 2336 uidae,
691 2257 874 2341 dedignaris
902 2255 985 2321 hano
1014 2256 1084 2340 glo-

77 2356 102 2396 2⁵
115 2339 211 2420 riam,
242 2341 298 2404 sed
320 2345 430 2423 patere
459 2363 496 2405 ea
523 2342 558 2405 in
583 2342 712 2405 laudum
734 2344 862 2405 tuarum
889 2345 982 2424 parte
1010 2362 1083 2405 oon-

116 2424 205 2486 stitui
227 2445 307 2506 quae
330 2424 454 2489 soleant
479 2427 514 2489 in
536 2426 607 2489 aliis
634 2425 701 2489 sola
723 2426 854 2490 laudari.
899 2426 1002 2490 uirtus
1025 2430 1083 2490 tua

115 2507 231 2569 meruit
258 2509 441 2591 imperium,
472 2510 526 2572 sed
556 2511 668 2573 uirtuti
696 2509 818 2573 addidit
839 2510 945 2574 forma
972 2510 1081 2574 suffra-

115 2590 213 2672 gium.
246 2591 302 2654 illa
323 2593 485 2674 praestitit
506 2596 544 2656 ut
565 2596 725 2677 oporteret
745 2597 778 2658 te
800 2595 980 2679 prinoipem
1001 2594 1081 2677 fieri,

117 2729 177 2736 .·-.
216 2731 267 2735 ----
280 2731 284 2735 .
299 2732 319 2736 ..-

184 2815 198 2860 1
217 2813 382 2877 imperatore
399 2813 443 2862 W:
462 2815 527 2880 imp.
539 2815 563 2863 A
580 2815 635 2879 imp
652 2817 675 2863 V
691 2817 816 2879 impari!
835 2830 922 2880 nuper
939 2813 1016 2881 0112
1033 2816 1081 2865 hu-

114 2881 190 2928 mani
209 2895 238 2944 g:
261 2880 378 2930 Romani
394 2883 421 2930 Π
444 2879 454 2946 ΙΙ
478 2885 494 2932 4
514 2883 597 2933 etiam
616 2885 665 2933 del.
686 2898 710 2932 w
733 2881 743 2948 ΙΙ
768 2885 784 2933 5
802 2898 881 2948 quam
899 2909 931 2918 -
950 2885 965 2932 6
985 2880 1079 2949 quam]

115 2948 179 3010 quia
192 2952 301 3011 -quia
320 2963 344 2997 w
359 2949 364 3009 Ι
379 2948 518 3017 fortunae]
539 2951 642 3000 formae
660 2965 684 2999 w
701 2949 711 3016 ΙΙ
729 2954 743 3002 7
762 2953 954 3015 imperatorem
971 2953 1080 3015 scripsi:

113 3013 303 3130 trilsPeArilllilrtu·
317 3014 520 3134 'oiirlahecsltVii
530 3017 904 3150 'gnffitffluprphipppustppuz
921 3018 944 3135 (l
950 3015 984 3137 tl
992 3020 1017 3137 8ο
1026 3018 1080 3136 utli

113 3147 188 3196 tibus
200 3149 223 3195 V
241 3125 431 3212 optantiliusll
449 3149 458 3215 ΙΙ
477 3155 492 3201 9
510 3105 693 3218 sapilrntumll
706 3155 723 3201 0
737 3124 757 3201 V
770 3154 802 3203 W
818 3153 828 3219 ΙΙ
846 3157 879 3204 10
898 3102 1080 3204 srrbtilibrisA

112 3210 121 3279 i}
140 3216 172 3263 14
191 3215 301 3278 dignum
318 3219 397 3266 iterat
413 3220 435 3265 A
447 3217 456 3283 ss
472 3221 502 3268 rt
520 3219 582 3284 fing.
600 3221 688 3271 habit.
707 3237 757 3287 pro
774 3221 871 3271 habitu
889 3222 1079 3277 suoBiiVW‚

112 3289 182 3331 recte
200 3286 286 3333 colion.
297 3285 319 3332 A
332 3284 408 3335 Bert.
425 3284 429 3349 Ι
445 3286 529 3351 aliud]
552 3288 666 3338 alterum
678 3290 811 3339 Liuineius
827 3287 837 3353 ΙΙ
855 3291 886 3338 16
905 3290 1031 3339 coniunx.
1043 3288 1078 3336 Ar

113 3350 187 3400 iunx.
204 3352 224 3403 B
239 3353 255 3400 (t
268 3352 289 3398 V
301 3352 334 3401 W
354 3352 363 3418 ΙΙ
389 3355 419 3403 17
439 3353 553 3404 meliora
571 3357 606 3404 A:
625 3357 730 3407 maiora
746 3357 766 3405 Β
780 3358 797 3404 G
809 3358 832 3404 V
844 3355 876 3404 W
896 3354 906 3421 ΙΙ
928 3359 961 3406 20
978 3372 995 3406 a
1013 3370 1078 3419 gen-

112 3417 187 3467 tihus
206 3421 264 3468 edd.
290 3416 299 3484 ΙΙ
323 3424 356 3471 at
375 3436 408 3470 ea
427 3422 460 3470 A:
480 3437 540 3470 eam
559 3421 688 3471 Bcvw
706 3439 740 3474 ea
760 3439 776 3472 a
794 3440 836 3474 me
854 3424 987 3474 Liuineius
1001 3425 1006 3490 l
1021 3422 1079 3473 lau·

112 3483 185 3533 dium
202 3486 226 3534 A
248 3484 258 3550 ΙΙ
282 3489 315 3536 26
332 3488 442 3539 soleant
459 3490 568 3554 scripsi:
589 3489 718 3540 solebant
735 3494 762 3539 rt
