2294 3780
378 190 539 242 11111111
558 191 592 242 o.
616 193 725 243 sc-sa
994 191 1036 255 53

67 338 216 425 patriae?
252 339 381 404 atilios
403 362 455 404 res
477 340 606 424 publica
629 341 741 404 ciebat.
779 339 876 423 quid?
910 343 943 403 te
971 362 1038 405 non

69 425 182 489 eadem
209 445 260 487 res
289 424 440 508 publica?
476 446 543 489 non
572 424 724 489 senatus?
757 445 824 488 non
852 425 1037 488 consulatus

68 510 147 594 ipse,
176 508 231 593 q'ui
259 508 321 572 sibi
349 510 414 573 tuis
436 511 555 573 umeris
577 509 683 573 attolli
705 511 737 573 et
759 530 930 594 augescere
951 508 1037 573 uide-

67 593 147 658 tur?

130 676 250 743 LVIII.
293 677 369 742 Non
390 681 423 742 te
445 678 486 742 ad
508 678 670 763 exemplar
693 677 759 741 eius
782 699 863 742 uoco
886 678 939 761 qui
963 696 1064 743 con-5

67 763 168 827 tinuis
191 762 409 827 consulatibus
431 763 552 827 fecerat
573 764 705 847 longum
728 762 886 845 quendam
909 767 942 826 et
969 763 1038 827 sine

69 848 254 912 discrimine
277 868 412 912 annum:
450 846 501 911 his
524 851 556 910 te
580 847 710 911 confero
732 868 811 930 quos
835 849 956 911 certum
980 851 1039 929 est,

71 933 222 1016 quotiens
242 932 388 997 consules
410 931 551 1010 fuerunt,
574 953 641 995 non
663 931 725 995 sibi
739 932 947 1015 praestitisse.
972 936 1040 996 erat

67 1017 102 1081 in
130 1019 244 1081 senatu
272 1021 321 1080 ter
356 1017 476 1101 consul,
511 1037 583 1080 cum
611 1019 646 1080 tu
676 1016 808 1080 tertium
837 1016 1040 1080 consulatum

68 1101 249 1166 recusabas.
289 1122 459 1166 onerosum
486 1101 595 1164 nescio
624 1100 700 1184 quid
728 1101 938 1164 uerecundiae
965 1105 1078 1165 tuae1⁰

70 1207 247 1250 consensus
269 1188 381 1249 noster
403 1186 564 1250 indixerat
593 1187 629 1248 ut
650 1185 801 1268 princeps
822 1186 943 1249 totiens
966 1207 1039 1249 con-

68 1271 117 1334 sul
146 1291 232 1334 esses
267 1271 415 1353 quotiens
452 1273 580 1334 senator
615 1272 705 1333 tuus:
749 1269 849 1332 nimia
885 1268 1041 1332 modestia

67 1355 154 1418 istud
184 1355 281 1418 etiam
310 1355 455 1439 priuatus
477 1375 666 1420 recusasses.
704 1375 745 1417 an
774 1353 950 1417 consularis
977 1353 1040 1417 uiri

67 1438 337 1522 triumphalisque
348 1439 444 1523 filius,
462 1462 533 1504 cum
545 1439 640 1503 tertio
656 1439 767 1504 consul
778 1440 913 1519 creatur,
930 1457 1039 1501 ascen-

68 1523 138 1587 dit?
181 1545 250 1587 non
276 1523 418 1588 debitum
446 1524 506 1588 hoo
534 1523 604 1587 illi?
641 1545 707 1589 non
735 1522 787 1587 uel
815 1523 883 1587 sola
909 1523 1038 1607 generis
1052 1537 1076 1578 1⁵

70 1607 218 1672 claritate
239 1607 469 1691 promeritum?
498 1608 637 1692 contigit
659 1629 736 1693 ergo
758 1609 893 1692 priuatis
917 1608 1039 1691 aperire

70 1714 192 1756 annum
222 1691 385 1776 fastosque
412 1714 563 1777 reserare,
593 1696 625 1757 et
652 1694 713 1757 hoc
740 1714 865 1777 quoque
898 1691 1039 1757 redditae

68 1776 227 1840 libertatis
249 1777 403 1841 indicium
425 1776 488 1841 fuit
509 1776 595 1862 quod
617 1778 730 1842 consul
752 1777 832 1841 alius
855 1799 950 1861 quam
962 1775 1040 1842 an-

69 1882 121 1924 sar
151 1864 246 1925 esset.
291 1861 337 1925 sic
366 1862 484 1925 exactis
512 1861 641 1946 regibus
670 1863 775 1946 coepit
802 1862 885 1926 liber
918 1884 1039 1928 annus:

69 1946 116 2009 sic
128 1945 206 2008 olim
228 1946 363 2010 seruitus
385 1947 479 2043 pulsa
493 1946 620 2029 priuata
641 1947 734 2010 fastis
749 1947 881 2010 nomina
903 1947 1038 2012 induxit.
1053 1962 1078 2002 20

68 2029 204 2092 miseros
226 2029 411 2093 ambitioms
434 2030 556 2114 quiite
578 2031 725 2095 consules
754 2052 880 2113 semper
901 2034 938 2093 ut
959 2051 1039 2093 sem·

68 2135 127 2196 per
156 2113 317 2197 principes
345 2115 455 2178 erant!
493 2136 686 2199 quamquam
711 2135 777 2178 non
805 2120 872 2179 1111
906 2113 1038 2176 ambitio

70 2219 167 2281 quam
188 2196 271 2261 liuor
293 2201 325 2261 et
346 2199 532 2282 malignitas
555 2199 656 2263 uideri
678 2201 786 2281 potest
804 2218 914 2261 omnes
937 2217 1039 2260 annos

69 2282 235 2365 possidere
272 2304 491 2366 summumque
532 2282 611 2346 illud
644 2302 803 2364 purpurae
838 2280 934 2343 decus
971 2301 1039 2344 non

70 2366 135 2429 nisi
150 2369 374 2449 praecerptum
395 2367 680 2450 praefloratumque
695 2365 926 2429 transmittere.
949 2366 1038 2428 tuam
1051 2378 1077 2420 2⁶

68 2471 146 2513 uero
175 2451 474 2535 magnanimitatem
502 2474 543 2516 an
570 2450 758 2515 modestiam
787 2472 829 2513 an
856 2449 1038 2533 benignita-

68 2537 136 2597 tem
157 2535 246 2618 prius
267 2535 386 2599 mirer?
408 2535 771 2620 magnanimitatis'fuit
792 2535 934 2620 expetito
957 2555 1038 2598 sem·

68 2640 127 2702 per
148 2617 271 2682 honore
293 2619 465 2705 abstinere,
489 2622 662 2685 modestiae
684 2621 804 2702 cedere,
827 2619 1038 2703 benignitatis

70 2723 129 2785 per
152 2703 232 2767 alios
253 2702 328 2768 frui.

133 2785 216 2850 LIX.
246 2785 310 2851 Sed
329 2787 394 2851 iam
412 2790 538 2872 tempus
560 2793 608 2852 est
622 2791 653 2852 te
669 2789 731 2871 ipsi
753 2788 932 2852 consulatui
947 2808 1037 2869 prae·
1052 2801 1078 2842 ³0

71 2874 157 2933 stare
180 2875 216 2934 ut
229 2872 384 2938 maiorem
404 2894 475 2936 eum
490 2873 691 2956 suscipiendo
706 2872 909 2957 gerendoque
925 2870 1037 2934 facias.

73 2991 276 3001 ———--.—.

139 3044 153 3090 1
174 3042 209 3091 ad
226 3042 291 3094 illos
308 3046 394 3094 ΒΗ
412 3046 416 3108 Ι
437 3047 530 3098 ciebat
546 3073 580 3083 —
597 3050 612 3096 2
631 3046 791 3112 respublica
809 3061 856 3095 om.
876 3044 931 3091 BV
949 3042 954 3103 Ι
975 3059 1040 3093 num

70 3109 130 3158 ead.
151 3123 193 3160 res
214 3149 220 3159 .
240 3127 304 3161 num
322 3129 378 3163 sen.
397 3130 460 3163 num
479 3130 553 3168 1111.
570 3129 594 3161 w
618 3112 628 3177 ΙΙ
653 3117 741 3164 bnon
759 3114 804 3161 W:
823 3127 887 3161 num
904 3112 925 3158 B
944 3114 961 3159 0
979 3113 1002 3159 V
1026 3108 1038 3174 Η

71 3177 148 3227 this
167 3126 211 3244 tei
228 3178 305 3230 hisce
325 3183 342 3227 ὓ
365 3179 374 3244 ΙΙ
400 3184 432 3231 14
451 3182 596 3231 creatorB
615 3183 637 3229 V
659 3179 668 3245 ΙΙ
694 3182 726 3231 15
745 3179 905 3231 ascenditur
923 3176 1040 3242 011111

69 3242 97 3296 d.
114 3243 141 3293 h.
161 3245 178 3295 i.
198 3260 262 3295 num
281 3247 327 3297 uel
345 3262 369 3296 w
392 3247 402 3313 1
428 3251 459 3298 16
477 3249 653 3313 promeritum
671 3263 708 3297 w:
728 3248 904 3313 promeritum
923 3248 950 3292 Μ
972 3243 982 3309 ΙΙ
1008 3246 1040 3295 18

70 3312 156 3361 tuerit
168 3313 218 3361 BV
232 3310 242 3377 ΙΙ
255 3316 288 3363 22
306 3331 360 3365 non
372 3322 429 3366 tarn
442 3316 556 3366 ambitio
569 3331 598 3381 g:
617 3332 672 3366 non
685 3316 798 3366 ambitio
811 3316 839 3362 Μ
856 3328 912 3363 111
925 3313 1039 3362 ambitio

68 3377 761 3514 111111111111111111
774 3380 1040 3500 11111111

68 3513 124 3567 fuit
142 3481 178 3576 ti,
196 3464 303 3583 corngg
320 3514 330 3581 l
347 3518 380 3568 28
397 3517 554 3584 benignitas
574 3520 591 3566 0
871 3463 888 3512 g
