2294 3780
107 159 147 222 12
427 162 450 211 1.
479 158 507 208 e.
527 158 643 209 rnrun
662 159 744 209 Pau.

170 309 244 374 XIL
268 309 314 372 At
329 328 415 372 nuno
433 306 529 370 rediit
540 306 689 370 omuibus
705 311 806 370 terror
817 309 849 370 et
860 309 964 370 metus
976 309 1008 370 et
1018 328 1077 370 uo·

105 398 174 457 tum
190 395 346 477 imparata
367 391 515 454 faciendi.
539 391 650 455 uident
665 391 751 454 enim
765 391 945 456 Romanum
961 391 1073 455 ducem

105 501 204 542 unum
227 500 266 541 ex
287 476 351 539 illis
373 474 534 538 ueteribus
557 477 590 538 et
611 475 735 559 priscis,
759 475 874 559 quibus
901 476 1073 559 imperato-

106 564 189 626 rium
218 581 337 624 nomen
365 559 525 622 addebant
553 561 693 623 contecti
722 559 873 624 caedibus
908 563 1012 644 campi
1040 564 1072 624 ct

81 646 227 709 ainfecta
248 643 393 707 uictoriis
415 644 525 707 maria.
561 645 735 728 accipimus
751 645 877 708 obsides
893 667 981 729 ergo,
1005 667 1073 709 non

107 730 252 810 emimus,
276 749 336 792 nec
358 729 546 812 ingentibus
569 729 695 792 damnis
717 730 943 812 immensisque
964 751 1076 793 mune-

106 814 194 877 ribus
221 812 413 897 paciscimur
441 816 477 875 ut
502 813 682 877 uicerimus.
720 817 845 897 rogant,
874 814 1057 896 supplicant
1065 837 1077 895 3.

106 898 272 982 largimur,
296 917 463 980 negamus,
486 899 655 980 utrumque
678 918 716 960 ex
741 897 868 981 imperii
890 898 1074 962 maiestate:

108 985 211 1066 agunt
232 981 353 1066 gratias
376 982 431 1064 qui
452 982 720 1063 impetrauerunt3
749 1001 817 1045 non
844 981 962 1045 audent
984 982 1076 1065 queri

68 1085 94 1124 ro
107 1065 222 1149 quibus
244 1068 398 1149 negatum
421 1068 479 1128 est.
526 1086 567 1128 an
590 1065 728 1129 audeant
755 1065 810 1148 qui
840 1065 944 1128 sciant
965 1068 998 1128 te
1021 1066 1074 1129 ad-

108 1149 226 1214 sedisse
253 1149 461 1213 ferocissimis
489 1148 615 1231 populis
649 1170 686 1212 eo
714 1149 784 1233 ipso
817 1151 962 1230 tempore
989 1149 1073 1231 quod

108 1235 337 1298 amicissimum
352 1234 427 1316 illis,
453 1232 677 1296 difficillimum
693 1233 793 1315 nebia,
820 1254 891 1296 cum
907 1231 1074 1296 Danuuius

106 1319 194 1399 ripas
223 1320 297 1403 gelu
324 1318 431 1402 iungit
461 1316 655 1399 duratusque
683 1318 786 1401 glacie
813 1317 960 1402 ingentia
980 1319 1076 1400 tergo

106 1403 192 1466 bella
212 1405 423 1486 transportat,
448 1423 520 1465 cum
543 1402 629 1465 ferae
652 1405 765 1486 gentes
788 1407 854 1465 non
876 1402 949 1466 telis
971 1402 1076 1486 magis

69 1504 96 1543 15
109 1508 204 1569 quam
233 1507 290 1549 suo
314 1487 413 1567 cae10,
443 1507 500 1549 suo
522 1486 625 1550 sidere
655 1487 843 1550 armantur?
877 1487 932 1550 scd
961 1487 1017 1550 ubi
1039 1486 1073 1549 in

107 1570 252 1653 proximo
287 1573 332 1651 tu,
366 1591 433 1632 non
465 1591 555 1633 secus
590 1591 627 1633 ac
660 1571 687 1633 si
720 1573 862 1634 mutatae
895 1574 1075 1654 temporum

107 1654 194 1717 uices
223 1656 340 1735 essent,
370 1653 418 1715 illi
445 1653 572 1736 quidem
599 1653 743 1717 latibulis
771 1655 837 1717 suis
866 1655 964 1718 clausi
988 1658 1075 1718 tene-

107 1738 241 1821 bantur,
269 1741 381 1802 nostra
410 1737 541 1821 agmina
574 1758 759 1820 percursare
794 1739 881 1821 ripas
909 1741 942 1802 et
969 1739 1078 1802 aliena

108 1823 286 1904 occasione,
311 1823 338 1886 si
360 1822 571 1904 permitteres
594 1821 642 1884 uti
662 1823 809 1906 ultroque
831 1821 968 1886 hiemem
984 1845 1074 1888 suam

69 1925 95 1966 ao
109 1905 252 1969 barbaris
275 1906 396 1969 inferre
417 1905 612 1988 gaudebant.
957 1934 961 1943 ¹

170 1988 260 2053 XIII.
276 1989 366 2054 Haec
381 1989 440 2053 tibi
456 1991 540 2073 apud
554 1989 662 2055 hostes
677 1991 853 2062 ueneratio
877 1991 977 2075 quid?
992 1993 1076 2076 apud

107 2074 226 2138 milites
254 2096 351 2156 quam
383 2075 624 2138 admirationem
654 2074 919 2159 quemadmodum
948 2098 1075 2161 compa-

107 2157 211 2222 rasti?
249 2180 320 2222 oum
352 2161 458 2223 tecum
491 2159 642 2242 inediam,
676 2163 782 2225 tecum
815 2160 938 2224 ferrent
971 2161 1077 2242 sitim3

108 2265 179 2313 cum
202 2243 237 2307 in
258 2243 314 2307 illa
335 2243 542 2307 meditatione
558 2245 730 2328 campestri
744 2244 938 2308 militaribus
960 2246 1074 2309 turmis

68 2346 95 2386 aa
107 2327 346 2410 imperatorium
368 2329 531 2413 puluerem
559 2329 767 2413 sudoremque
795 2329 959 2411 misceres,
993 2328 1075 2392 nihil

108 2433 127 2474 a
153 2412 266 2474 ceteris
294 2415 357 2477 nisi
383 2412 496 2476 robore
524 2434 562 2477 ao
584 2415 781 2496 praestantia
806 2414 951 2478 diametra
972 2413 1075 2476 libero

107 2493 211 2557 Marte
233 2517 320 2559 nunc
343 2497 466 2559 eminus
488 2496 553 2570 tela
576 2497 718 2559 uibrares
745 2518 832 2559 nunc
859 2497 986 2560 uibrata
1008 2519 1075 2560 sus-

108 2577 239 2661 ciperes,
268 2579 371 2642 alacer
399 2580 518 2642 uirtute
545 2579 684 2642 militum
714 2582 746 2642 et
778 2580 890 2662 laetus,
925 2583 1073 2665 quotiens

108 2665 164 2725 aut
192 2663 308 2726 cassidi
335 2665 409 2726 tuae
443 2665 497 2725 aut
525 2662 626 2745 clipeo
652 2663 783 2747 grauior
809 2664 892 2728 ictus
919 2667 1075 2731 incideret

68 2765 95 2805 ao
111 2747 270 2827 (laudabas
288 2747 405 2830 quippe
425 2746 578 2810 ferientes
600 2745 843 2831 hortabarisque
858 2751 894 2812 ut
909 2751 1074 2832 auderent,

109 2833 141 2893 et
164 2830 440 2916 suostantiam),
472 2851 543 2893 cum
572 2835 732 2916 spectator
760 2834 998 2916 raodcratorque
1025 2834 1073 2896 in-

176 3068 306 3120 2uident
323 3070 367 3119 W:
386 3069 565 3121 uidetnov
594 3069 604 3136 ΙΙ
634 3073 864 3138 3imperatorum
881 3073 931 3121 GB
961 3071 971 3136 ΙΙ
1000 3073 1074 3122 Gin-

108 3135 267 3200 digentibus
285 3138 305 3184 B
321 3134 326 3199 Ι
342 3137 449 3189 damnis
462 3153 499 3187 w:
519 3139 614 3189 damus
626 3141 654 3186 Η
666 3137 676 3204 t
689 3143 703 3190 ‘1
716 3140 881 3204 paciscimur
898 3140 962 3188 BV:
982 3143 1073 3205 pasci-

108 3218 167 3252 mur
188 3202 275 3269 cWss
293 3207 325 3255 10
343 3220 379 3254 an
397 3222 444 3256 om.
464 3206 504 3268 W,
527 3209 588 3261 add.
607 3223 636 3256 m.
655 3223 708 3259 rec.
728 3206 733 3272 Ι
754 3207 895 3257 abscdisse
913 3208 972 3256 BV
1001 3205 1011 3270 ΙΙ
1040 3209 1075 3257 24

107 3270 289 3321 meditatione
309 3281 469 3336 corruptum
487 3273 652 3324 uelitatione
670 3276 839 3325 Mommsenio
863 3272 873 3339 ΙΙ
897 3277 930 3325 26
949 3275 1073 3326 diuersus

107 3339 213 3389 addidi:
231 3355 278 3389 om.
296 3342 324 3387 Η
341 3340 472 3390 differens
491 3355 508 3406 ς
526 3342 633 3391 distans
656 3343 807 3392 Duebnerac
830 3342 924 3406 dispar
945 3356 970 3389 w
999 3340 1010 3408 ss
1039 3345 1073 3394 27

108 3405 231 3456 cominus
249 3409 290 3473 n,
309 3423 377 3459 corr.
398 3408 428 3463 G.
449 3409 483 3461 H.
501 3409 658 3471 Sebaeseruc
683 3408 688 3473 Ι
714 3409 838 3460 uibrares
856 3425 895 3460 m:
913 3409 1028 3462 librares
1045 3412 1075 3458 Η

110 3470 114 3535 Ι
134 3472 234 3524 librata
252 3489 269 3541 ς
297 3472 307 3540 ΙΙ
336 3479 367 3527 31
387 3479 525 3543 spectator
542 3475 753 3542 moderatorque
772 3491 802 3543 ςτ
826 3481 1020 3544 spectatorque
1037 3480 1074 3532 Η.
