2294 3780
220 191 438 243 GRATIARUM
457 191 565 244 ACTIO
584 193 746 245 IULIANO.
772 197 879 246 14-17.
972 195 1035 259 257

63 339 185 405 sandae
207 339 376 404 obuiorum
397 362 526 425 manus,
553 342 701 406 omnibus
724 342 943 425 arridendum,
969 352 1035 408 non

63 424 168 489 solum
191 445 263 488 cum
282 425 410 507 infimis
433 423 490 489 sed
512 426 609 489 etiam
632 448 703 491 cum
725 427 848 511 ignotis
870 427 1034 492 familiari-

62 507 142 573 tatis
168 509 276 594 imago
298 508 477 572 simulanda
504 510 667 593 multaque
696 511 760 574 alia
804 514 913 595 ropter
934 510 1034 576 hono-

63 614 132 657 rem
154 593 282 677 agenda
304 615 385 676 quae
407 594 486 656 alias
508 595 613 657 uirum
632 593 755 658 honore
774 533 908 742 dipyrum
927 596 1035 660 facere

63 697 131 741 non
153 677 289 741 deceret.
318 677 403 741 unde
425 677 503 741 illud
527 676 635 743 Crassi
657 679 781 742 celebre
826 681 933 743 ictum.
963 699 1061 744 cums

64 764 189 845 peteret
211 760 411 825 consulatum
434 764 467 825 et
481 761 563 826 forte
587 784 658 826 cum
674 762 829 828 Scaeuola
851 786 960 829 socero
978 787 1036 849 per

64 845 135 909 uias
156 846 245 909 urbis
267 845 429 909 incederet
450 867 510 910 neo
531 850 699 929 praesente
719 849 911 931 grauissimo
933 852 967 913 ct
989 871 1036 913 se-

63 929 232 994 uerissimo
247 930 317 993 uiro
330 929 468 994 blandiri
484 930 613 1013 populo,
630 930 759 1014 palpare
775 933 887 997 obuios
903 937 936 997 et
950 937 1035 997 artes

63 1015 233 1098 petitorias
257 1013 387 1078 auderet
409 1035 571 1092 exercere,
596 1020 748 1099 ‘quaes0’,
777 1017 899 1099 inquit,
923 1016 1033 1100 ‘Muci

63 1097 228 1183 paulisper
263 1098 414 1162 abscedas
447 1119 560 1181 meque
594 1100 746 1163 comitatu
780 1102 836 1163 tuo
870 1101 1034 1164 molestari
1048 1122 1073 1160 ιο

64 1185 172 1267 putes3
194 1182 330 1265 impedis
345 1181 499 1246 honorem
520 1203 645 1246 meum:
668 1187 700 1246 te
720 1187 886 1267 spectante
907 1185 1034 1267 ineptus

65 1287 135 1331 esse
157 1287 224 1330 non
238 1273 392 1351 possum'.
422 1269 456 1330 at
474 1288 550 1330 uero
573 1287 634 1351 ego
656 1267 775 1331 nullius
790 1267 934 1331 fauorem
949 1269 1035 1351 turpi

64 1351 285 1415 assentatione
306 1351 477 1434 promerui,
507 1349 589 1414 nihil
611 1350 674 1415 feci
696 1352 850 1433 ineptum,
876 1351 958 1415 nihil
982 1352 1035 1436 egi

63 1435 150 1519 quod
176 1437 323 1532 spectare
348 1433 490 1498 Mucium
518 1435 650 1499 nollem.
694 1456 761 1518 non
789 1434 883 1500 modo
910 1435 1035 1499 nullum

62 1519 266 1618 popularium
281 1519 468 1602 deprecatus
489 1540 570 1602 sum,
593 1519 648 1584 sed
664 1540 705 1582 ne
721 1523 754 1583 te
769 1520 895 1617 quidem
916 1521 1032 1603 ipsum,
1048 1539 1073 1579 15

63 1604 813 1772 certioraretur?{amati
829 1605 1034 1752 21211

63 1776 182 1856 sponte
203 1775 238 1836 in
251 1771 408 1836 familiam
430 1792 534 1835 meam
557 1771 703 1836 diuinum
725 1772 811 1836 istud
833 1776 899 1836 ate
919 1794 1033 1837 munus

63 1856 210 1922 infusum
232 1859 289 1921 est.
457 1934 461 1939 Ι

129 1939 235 2004 XVII.
285 1939 427 2004 Fatebor
454 1943 561 2004 autem
581 1940 659 2024 tibi,
688 1943 827 2005 maxime
849 1941 1033 2024 imperator,
1047 1959 1072 1998 20

63 2029 98 2089 et
118 2028 190 2088 tuto
212 2027 289 2109 aput
308 2028 343 2089 te
365 2025 473 2088 omnia
494 2025 592 2087 animi
615 2028 727 2107 operta
748 2025 904 2088 reserabo.
941 2047 1033 2087 num·

62 2130 162 2194 quam
189 2109 224 2173 in
249 2109 355 2193 capita
385 2108 502 2172 ciuium
523 2110 733 2192 potestatem,
763 2128 938 2189 numquam
959 2129 1033 2190 pro·

62 2193 190 2257 uincias
220 2193 404 2276 concupiui,
440 2193 511 2276 sed,
540 2192 615 2275 quia
642 2190 782 2255 iuuanda
811 2191 907 2254 etiam
936 2212 955 2253 a
982 2212 1033 2255 me

63 2277 234 2342 uidebatur
261 2298 320 2360 pro
345 2277 433 2341 uirili
458 2276 606 2360 portione
634 2275 850 2359 respublica,
881 2296 953 2337 cum
981 2275 1034 2338 ad·

63 2361 282 2426 ministratum
317 2382 463 2439 uocaret,
505 2364 639 2444 propter
675 2360 859 2443 opinionem
893 2358 1032 2422 desidiae
1045 2377 1070 2418 aa

62 2467 133 2511 nou
154 2445 270 2530 refugi.
315 2445 481 2530 negotium
503 2445 667 2528 publicum
694 2465 797 2527 neque
820 2442 958 2507 ambitor
979 2465 1033 2526 ap·

63 2530 146 2614 petii
170 2551 275 2614 neque
296 2550 354 2612 per
376 2529 582 2593 timiditatem
611 2532 667 2592 aut
687 2528 852 2613 ignauiam
879 2529 1033 2610 recusari,

65 2615 122 2679 sed
144 2634 165 2677 a
186 2613 305 2678 teneris
328 2614 421 2677 annis
450 2613 503 2697 [ab
526 2615 630 2677 aetate
652 2612 782 2697 puerili]
811 2611 852 2676 ad
874 2613 960 2676 banc
982 2635 1033 2676 us-

64 2719 128 2782 que
151 2699 303 2762 canitiem
326 2697 511 2762 consulatus
540 2718 648 2760 amore
670 2697 815 2782 flagraui.
860 2697 1034 2760 secundum

64 2783 165 2847 ctiam
187 2782 399 2847 confessionis
420 2781 481 2846 tibi
503 2781 639 2865 gradum
661 2781 771 2844 debeo.
806 2802 877 2844 cum
899 2781 934 2842 in
957 2781 1033 2843 alio-
1046 2799 1072 2838 ao

64 2888 138 2931 rum
159 2867 340 2951 principum
363 2870 447 2930 esset
467 2868 625 2948 potestate
647 2886 697 2928 res
718 2862 862 2948 publica,
888 2864 943 2926 diu
965 2864 1033 2927 ina-

65 3024 270 3033 ---—-..-.

135 3108 152 3156 5
168 3108 250 3155 malim
268 3106 315 3170 qui
334 3120 395 3154 cum
419 3102 429 3168 Ι
452 3108 467 3155 9
487 3120 600 3155 exerere
618 3105 641 3151 Δ
659 3103 663 3166 Ι
684 3103 752 3152 muti
769 3117 794 3151 m
811 3117 830 3151 u
847 3116 883 3151 w:
903 3103 988 3167 magii
1007 3105 1035 3152 11

64 3171 75 3239 Ι
94 3175 126 3224 10
136 3187 233 3238 meque
246 3189 308 3236 epo:
327 3188 378 3222 nec
390 3174 418 3219 11
432 3172 437 3234 Ι
451 3179 511 3236 post
523 3178 569 3221 tuo
582 3185 606 3219 w
620 3187 662 3221 mc
674 3172 735 3220 add.
750 3170 754 3232 Ι
771 3170 914 3220 molestari
925 3173 1034 3234 scripsi:

63 3240 209 3291 honestari
220 3242 248 3289 1
263 3238 274 3305 Ι
293 3242 324 3290 12
343 3240 466 3290 fauorem
479 3241 502 3287 Δ
514 3237 603 3290 Bert:
622 3253 741 3288 amorem
760 3238 880 3286 ΜΠ
896 3236 906 3302 Ι
925 3240 956 3287 14
973 3238 1035 3287 Mu·

64 3310 135 3358 tium
152 3310 171 3356 0
188 3307 211 3355 V
227 3308 261 3355 W
278 3308 438 3357 mutnumB
462 3304 473 3371 Ι
497 3306 529 3355 15
548 3307 636 3371 ipsum
655 3322 700 3357 om.
718 3307 739 3354 B
763 3303 773 3370 Ι
797 3308 829 3355 17
847 3306 960 3355 uerbum
977 3305 1000 3351 Δ
1025 3304 1036 3369 ΙΙ

66 3376 100 3427 18
116 3388 207 3425 meam
223 3374 318 3426 Bert.:
337 3390 384 3425 om.
401 3376 429 3422 11
452 3371 458 3437 Ι
480 3372 610 3423 minusA
632 3370 642 3439 Ι
666 3374 698 3422 21
717 3387 801 3438 opera
819 3375 835 3421 11
859 3370 869 3437 Ι
897 3373 930 3420 22
947 3371 977 3419 in
996 3384 1033 3420 w:

64 3443 135 3508 quin
156 3443 184 3490 Ι
212 3439 223 3506 Ι
251 3444 286 3492 24
307 3441 344 3492 ad
366 3441 558 3506 magistratum
580 3442 638 3491 edd.
667 3438 678 3505 ΙΙ
707 3441 740 3490 28
762 3439 797 3488 ab
821 3443 912 3488 aetate
934 3438 1036 3502 puerili

62 3512 187 3562 sectarer.
205 3510 237 3560 P.
252 3509 339 3560 Fater
355 3517 381 3559 et
399 3509 531 3559 Liuineius
550 3504 562 3572 Ι
582 3509 616 3559 30
634 3507 685 3557 tibi
702 3506 892 3558 confessionis
904 3506 1041 3552 uva

112 3598 203 3643 Pmo.
215 3608 271 3641 ur.
863 3592 899 3638 i«
