2294 3780
294 168 548 223 cousulueruo
567 168 747 221 accusso.
769 172 843 221 s-r.
992 173 1053 235 185

83 322 191 385 cetera
213 319 302 382 siluis
325 322 358 383 ct
371 318 504 401 rupibus
526 318 615 381 inuia
636 340 819 383 securarum
836 323 912 384 sunt
935 322 1052 385 cubilia

82 404 269 469 bestiarum.
294 402 351 467 illa
369 407 476 466 autem
495 424 575 485 quae
597 403 741 467 subiecta
763 408 795 468 et
809 426 908 488 usque
923 407 1051 470 Ararim

81 492 234 573 porrecta
254 487 406 570 planities
428 487 491 551 fuit
534 486 655 569 uidem,
683 492 721 551 ut
742 489 850 573 audio,
879 490 1051 573 aliquando

81 575 231 654 iocunda,
257 593 329 636 cum
351 594 408 656 per
430 509 630 655 singdiorum
647 573 728 636 fines
752 574 904 638 continua
928 575 1052 640 cultura

80 678 253 744 procursus
268 656 408 722 fontium
424 656 562 720 uallibus
578 659 763 740 patentibus
780 659 950 742 euehebat3
965 682 1051 725 nunc
1065 682 1078 721 5

36 772 39 777 ·
83 746 191 807 autam
213 742 396 806 interclusis
417 741 569 805 nasutate
591 743 760 824 meatibus,
784 744 933 827 quicquid
948 744 1051 809 humi-

81 827 174 892 litatc
202 849 260 891 sua
281 826 385 891 fuerat
406 827 551 907 uberius,
582 827 617 889 in
639 827 808 911 uoragines
833 834 881 892 est
905 831 1049 915 [stagna]

83 932 283 977 conuersum.
333 912 421 994 ipsae
452 911 588 994 denique
619 912 750 993 uineae,
785 934 863 995 quas
893 915 1052 979 mirantur

81 997 197 1081 ignari,
220 996 265 1059 ita
280 999 442 1060 uetustate
457 999 632 1059 senuerunt
646 1000 684 1059 ut
698 998 855 1061 culturam
870 999 934 1061 iam
948 1022 1050 1083 paene

80 1101 150 1145 non
170 1082 324 1145 sentiant.
355 1080 479 1144 radices
501 1081 586 1144 enim
609 1081 733 1162 uitium,
756 1103 889 1164 quarum
911 1083 975 1146 iam
997 1107 1052 1148 ne
1066 1105 1091 1144 ro

82 1165 200 1230 scimus
228 1168 382 1247 aetatem,
411 1165 515 1229 milies
537 1164 724 1248 replicando
752 1170 922 1250 congestae
945 1168 1052 1232 altitu·

81 1249 190 1346 dinem
217 1249 357 1313 debitam
385 1250 552 1347 scrobibus
582 1250 756 1345 excludunt
789 1255 822 1312 et
847 1251 951 1333 ipsam
972 1274 1051 1398 pro-

79 1356 239 1483 stitit
261 1333 885 1502 {risibilisittsslittliitl
898 1341 1052 1503 titt?

80 1524 202 1585 snmus,
224 1507 261 1567 ut
274 1504 448 1587 Aquitanis
470 1503 603 1586 aliisque
618 1502 793 1586 prouinciis
816 1503 974 1569 familiare
993 1508 1050 1585 est,
1065 1523 1090 1563 15

79 1589 176 1652 nouis
198 1588 318 1685 uitibus
340 1587 446 1685 locum
469 1589 585 1686 ubique
607 1589 736 1685 metari,
759 1609 831 1652 cum
855 1611 952 1673 supra
975 1612 1052 1653 saxa

80 1676 238 1821 mliii.a
261 1676 355 1820 Slliilaiir
365 1673 461 1840 11(iiiiii
472 1671 637 1841 hilgdlhdds
645 1694 935 1822 ciidumbosdiuitatis
964 1759 1050 1824 illius

80 1841 268 1927 regionibus
296 1840 423 1924 loquar,
452 1843 566 1925 quibus
594 1841 801 1907 illacrimasse
828 1847 860 1907 te
882 1846 952 1928 ipse
979 1864 1051 1908 con-

79 1926 185 1990 fessus
209 1925 266 1990 es?
310 1926 420 1990 uidisti
443 1926 528 1990 enim
550 1947 632 2008 non,
662 1930 697 1990 ut
719 1949 777 2010 per
799 1950 894 2012 agros
916 1928 1050 1993 aliarum
1063 1949 1090 1989 so

80 2010 224 2094 urbium,
254 2010 448 2074 omniafere
475 2011 562 2075 culta
588 2011 697 2094 aprica
722 2012 884 2094 florentia,
914 2013 983 2076 uias
1005 2013 1051 2076 fa-

82 2095 175 2178 ciles,
204 2095 362 2179 nauigera
382 2095 516 2159 flumina
542 2096 629 2178 ipsas
657 2095 846 2177 oppidorum
868 2099 980 2178 portas
1007 2097 1051 2158 al-

80 2178 220 2262 luentia,
251 2180 304 2243 scd
335 2181 443 2244 statim
473 2180 513 2244 ab
542 2200 579 2242 eo
606 2179 706 2258 flexu,
739 2201 756 2241 e
784 2200 847 2262 qno
875 2182 1051 2242 retrorsum

80 2264 135 2328 nia
159 2264 247 2328 ducit
268 2265 303 2327 in
326 2263 508 2349 Belgicam,
536 2266 628 2327 uasta
657 2264 779 2344 omnia,
807 2263 932 2326 inculta
959 2284 1051 2345 squa-

80 2349 192 2432 lentia,
216 2352 306 2413 muta
326 2349 507 2432 tenebrosa,
530 2348 626 2411 etiam
647 2346 795 2413 militaris
818 2347 888 2410 nias
909 2346 955 2410 ita
978 2368 1051 2411 con·
1065 2365 1091 2405 cs

80 2433 229 2518 fragosas
251 2437 283 2497 et
305 2434 437 2498 alternis
458 2433 621 2497 montibus
643 2431 758 2496 arduas
780 2434 874 2515 atque
896 2431 1051 2516 praccipi-

79 2524 130 2582 tcs
152 2522 190 2581 nt
212 2518 266 2582 uix
288 2518 464 2602 semiplena
494 2520 660 2601 carpenta,
691 2516 852 2581 interdum
875 2518 976 2583 solum
997 2540 1051 2582 ua-

150 2759 249 2889 2cpae
263 2759 412 2813 deterserim·
432 2757 559 2807 subiecta
573 2764 617 2807 est
629 2761 657 2806 et
669 2757 798 2805 Puteanus
813 2757 818 2816 Ι
834 2755 970 2820 eiusque]
989 2772 1052 2807 eras

82 2838 135 2889 quc
153 2826 177 2873 A
220 2828 236 2875 ὁ
254 2824 376 2874 uallibus
394 2826 469 2875 edd:
488 2824 571 2874 uallis
588 2825 615 2871 A
634 2822 691 2886 (nal
703 2824 745 2881 W)
766 2823 912 2873 canalibus
931 2821 983 2888 (aci
998 2823 1052 2872 cal-

80 2888 167 2955 libus)
186 2892 335 2942 latentibus
352 2893 488 2941 Acidciius
508 2890 518 2957 n
539 2895 553 2943 7
572 2892 719 2954 uoragines
738 2894 781 2940 cst
800 2886 923 2956 [stagna]
942 2892 1050 2954 scripsi:

79 2960 215 3023 uoragine
233 2963 335 3024 stagna
347 2961 375 3007 Π
392 2961 555 3023 uoraginum
574 2966 675 3023 stagna
687 2971 712 3005 w
729 2959 888 3022 uoraginem
906 2962 935 3007 ct
953 2962 1052 3023 stagna

80 3028 139 3077 edd.
158 3024 169 3092 ΙΙ
188 3030 219 3077 10
236 3028 345 3077 radices
363 3041 399 3075 w:
419 3026 521 3076 radicis
538 3029 566 3075 1
582 3025 592 3091 ΙΙ
614 3030 643 3075 ll
663 3025 753 3074 milies
772 3026 795 3074 A
812 3039 850 3073 w:
869 3024 948 3075 miles
966 3033 1024 3076 cett.
1046 3026 1049 3081 l

78 3092 190 3160 replis]
204 3094 403 3159 repastinando
418 3096 552 3144 Acidciius
563 3091 573 3158 ΙΙ
587 3095 619 3143 13
632 3092 755 3142 abditam
765 3096 872 3156 scripsi:
890 3093 1011 3143 debitam
1025 3096 1051 3142 A

83 3162 87 3225 Ι
106 3162 197 3213 obiter
208 3166 310 3211 tectam
320 3165 428 3225 scripsi:
446 3163 585 3212 obtectam
597 3163 625 3209 1
637 3160 755 3209 debitam
768 3176 820 3210 nec
832 3161 971 3210 obtectam
985 3162 1050 3225 lips·

77 3230 235 3280 senisrdtns
247 3227 258 3295 ll
272 3232 303 3280 16
321 3230 386 3279 aliis
403 3226 578 3294 pranduli
595 3228 643 3278 ubi
661 3233 722 3277 met.
741 3229 776 3289 A;
794 3245 828 3278 cn
845 3228 902 3279 ibi?
914 3227 924 3293 ΙΙ
939 3230 969 3279 17
988 3235 1053 3279 sunt

79 3299 103 3346 A
114 3295 126 3361 fl
138 3299 169 3346 21
190 3298 285 3362 aprica
302 3299 410 3362 scripsi:
431 3300 528 3361 aperta
545 3299 573 3345 Ι
591 3296 690 3346 uberta
710 3296 745 3344 M.
760 3298 889 3361 iicrcptius
902 3298 990 3346 Hem.
1006 3296 1054 3346 IV

77 3380 106 3429 p.
126 3368 177 3415 151
221 3368 254 3415 ab
271 3365 334 3415 nias
351 3366 394 3415 ita
408 3365 551 3428 ilaupiius:
569 3365 616 3413 uia
634 3364 671 3412 sit
690 3379 723 3412 ac
736 3365 764 3411 Η
775 3364 850 3413 Bert.
865 3362 873 3427 l
886 3364 1062 3429 contragnaa

80 3432 128 3482 ssd
145 3445 172 3481 v
229 3436 263 3485 26
282 3433 383 3483 arduas
401 3434 546 3497 Hcspiius:
570 3431 666 3483 arduis
681 3432 712 3479 Κ
731 3430 832 3494 tardius
851 3430 887 3495 Ab
904 3429 994 3480 araur
1007 3439 1034 3471 *a
1064 3423 1086 3483 i..

79 3501 114 3551 27
132 3499 220 3551 solnm
238 3500 305 3563 (oiim
321 3516 373 3552 nec
389 3503 407 3554 l.
426 3505 442 3557 I.
457 3519 488 3568 p.
507 3500 573 3567 221)
593 3503 702 3555 rddidi:
724 3516 775 3552 ouc.
791 3503 827 3549 1
