2294 3780
293 148 549 202 cossrsu‘rlno
568 148 749 201 AUGUSTO.
767 154 860 203 9-12.
1000 153 1061 217 189

90 299 216 367 curiose
247 301 455 385 percontatur
487 303 523 362 ut
550 298 645 381 sciat,
681 301 735 364 sed
763 299 939 365 liberaliter
973 304 1061 387 cupit

91 384 204 449 audire
226 388 382 467 quantum
403 383 556 448 remittat.

157 468 215 535 xJ.
253 466 407 552 separate
428 469 528 554 igitur
549 469 826 552 utraquedicsm3
848 490 952 553 neque
975 471 1060 534 enim

91 554 185 637 qussi
205 575 264 637 per
285 557 429 617 saturam
452 552 677 616 confundenda
699 558 773 617 sunt
790 558 883 620 tonte
898 556 1059 622 beneficia.

91 642 219 722 septem
251 637 340 701 milia
374 638 517 721 capitum
550 637 715 716 remisisti,
749 644 897 722 quartam
925 640 1087 723 ampliuss

115 726 218 787 srtcm
246 725 427 787 nostrorum
450 743 619 802 censuum,
647 725 811 787 ettamen
837 747 879 788 sn
900 725 1062 789 sufficeret

90 745 154 872 boc
181 807 275 871 nobis
304 808 431 891 saepius
458 807 630 890 requisisti.
674 828 774 871 onos
802 812 951 873 utrumne
973 830 1061 872 uere-

94 891 216 957 cundos
238 892 373 956 nimium
395 891 498 955 dicum
521 913 563 954 an
585 891 664 954 sotis
686 893 819 975 gratos?
880 895 912 957 ui
934 894 1061 958 reticui-

91 998 176 1058 mus,
200 976 369 1058 hoesimus‚
395 975 486 1039 indul
511 976 616 1039 entiae
637 979 713 1039 tuae
734 977 839 1061 ample
859 915 974 1042 incuti
996 999 1062 1042 mo-

92 1062 171 1125 dum
190 1061 334 1125 fecimus.
361 1061 434 1143 plus
457 1083 476 1124 s
520 1082 560 1124 uc
574 1063 739 1143 praestare
761 1062 921 1144 cupiebas,
945 1064 972 1126 si
993 1064 1063 1128 ausi
1076 1084 1101 1124 ro

93 1144 267 1210 fuissemus
294 1165 476 1228 exposcere.
521 1148 677 1228 quantum
705 1146 748 1209 sit
774 1145 851 1228 hoc,
879 1148 1061 1231 imperator,

92 1229 294 1310 beneficium,
332 1251 406 1293 uam
416 1229 632 1294 necessarium
644 1230 747 1312 nobis,
762 1251 856 1313 quam
871 1231 950 1295 utile
964 1232 1062 1294 etiam

90 1313 274 1379 deuotionis
297 1252 422 1396 cificiis,
445 1335 513 1378 non
529 1334 612 1396 queo
635 1314 712 1377 satis
730 1314 846 1378 dicere.
875 1315 1062 1378 remissione

91 1399 156 1463 ists
179 1402 302 1482 septem
324 1398 447 1462 milium
470 1398 610 1482 capitum
632 1399 751 1482 uiginti
771 1400 911 1483 quinque
932 1399 1062 1463 milibus

93 1483 213 1547 dedisti
234 1484 334 1563 uires,
361 1482 478 1547 dedisti
498 1504 606 1567 opem,
635 1482 750 1547 dedisti
773 1484 905 1547 salutem
928 1485 1062 1581 plusque
1076 1503 1101 1544 15

91 1569 130 1667 in
158 1589 196 1633 eo
224 1572 424 1666 consecutus·
443 1589 476 1666 es
504 1568 588 1651 quod
605 1568 772 1666 'roborasti
797 1591 893 1652 quom
907 1568 1063 1666 'recidisti

92 1653 1063 1822 tumttd..ttttttsctttdtttttttztttt?

94 1820 253 1904 siquidem
275 1821 455 1905 desperatio
478 1822 660 1906 perferendi
682 1822 782 1887 debiti
806 1823 904 1887 etiam
925 1824 958 1887 id
977 1786 1062 1907 quod

94 1906 165 1970 dari
186 1910 314 1990 poterat
335 1906 513 1970 inhibebat.
541 1928 601 1971 nec
624 1911 694 1972 erut
715 1909 797 1972 ratio
821 1909 968 1990 conandi,
992 1929 1063 1972 cunr
1077 1926 1101 1965 20

92 2013 163 2055 non
178 1995 262 2056 esset
282 2012 354 2075 spes
369 1991 434 2055 ulls
449 1991 638 2073 complendi.
667 2014 686 2056 o
701 1993 856 2076 diuinam,
878 1995 1062 2076 imperator,

93 2078 188 2140 tuum
214 2076 249 2139 in
278 2075 423 2140 sonanda
451 2076 581 2140 ciuitate
609 2076 818 2140 medicinam!
863 2079 944 2140 sicut
966 2097 1063 2159 aegro

94 2181 231 2244 corpora
259 2163 292 2224 et
316 2164 448 2224 onerata
470 2160 669 2244 turgentium
694 2162 823 2243 torpore
850 2160 1064 2222 membrorum

93 2247 238 2309 resecata
261 2244 368 2328 aliqua
390 2246 440 2309 sui
462 2250 554 2329 parte
576 2247 742 2326 sonantur,
770 2247 807 2306 ut
828 2244 996 2306 imminuta
1017 2244 1063 2306 ui·

120 2334 198 2394 cant
219 2351 301 2412 quae
316 2333 512 2414 exaggerata
526 2328 709 2412 torpebant,
732 2329 778 2391 its
791 2348 851 2391 nos
866 2327 966 2389 nimiu
980 2326 1063 2391 mole
1077 2344 1103 2385 2⁵

93 2351 240 2498 depressi
261 2415 367 2478 leuato
390 2435 486 2479 onere
508 2412 739 2496 consurgimus.

160 2497 234 2563 XII.
285 2497 399 2564 Nescit
424 2502 536 2563 taxare
569 2497 806 2581 indulgentium
833 2498 923 2560 tuam
951 2497 1006 2581 qui
1031 2498 1065 2560 te

95 2586 193 2667 putat
220 2586 342 2666 septem
370 2583 460 2648 milia
486 2583 628 2667 capitum
655 2582 723 2646 sola
748 2582 892 2647 donasse.
936 2582 1065 2646 donasti

95 2669 205 2731 omnis
231 2689 314 2751 quse
348 2671 432 2731 sture
460 2668 576 2732 fecisti.
621 2689 813 2750 quamquam
847 2667 933 2730 enim
962 2666 1065 2731 adhuc

95 2752 156 2817 sub
171 2752 309 2835 pristina
329 2752 456 2816 sarcina
473 2752 667 2834 uacillemuS‚
689 2755 797 2816 tamen
812 2752 914 2815 leuior
928 2751 1063 2833 uidetur,
1078 2768 1103 2807 so

165 3009 182 3057 3
204 3013 320 3072 utraque
341 3007 431 3059 Bert:
459 3011 575 3071 utroque
598 3009 624 3055 H
651 3011 788 3070 utrunque
810 3018 835 3054 w
865 3003 875 3071 u
904 3007 921 3055 4
943 3009 1068 3056 saturam

96 3076 121 3123 Δ
138 3075 171 3123 W
189 3075 280 3126 Bem-
300 3077 412 3126 satiram
429 3076 450 3124 B
469 3077 485 3123 0
503 3076 525 3122 V
548 3075 553 3136 Ι
579 3071 653 3139 sunt]
673 3074 725 3124 tibi
741 3076 775 3122 W
801 3072 805 3138 Ι
826 3069 918 3140 tantu]
939 3076 1021 3124 tusc
1053 3078 1064 3137 ξς

96 3144 114 3193 5
138 3149 265 3208 quartam
286 3146 315 3192 ὓς
343 3144 467 3208 quintam
485 3144 512 3190 Η
529 3142 604 3193 Bert.
635 3140 645 3208 ΙΙ
676 3144 690 3192 7
713 3139 848 3208 utrumne]
869 3148 959 3191 utrum
977 3143 1068 3192 nosA

94 3211 160 3273 fort.
179 3225 205 3272 o,
222 3216 314 3260 utrum
330 3226 381 3261 nos
398 3225 490 3261 uerec.
512 3207 522 3275 fl
543 3212 559 3260 8
576 3210 689 3260 nimium
708 3210 796 3260 dicam
814 3211 837 3259 Δ
854 3212 900 3258 W:
920 3210 1010 3260 dicam
1027 3210 1068 3259 ni·

98 3279 184 3328 mium
200 3279 221 3328 B
240 3280 257 3327 c
275 3280 297 3326 V
318 3276 329 3343 ss
351 3281 382 3329 15
400 3278 583 3343 plusquams
604 3274 615 3342 ΙΙ
637 3281 669 3329 17
688 3279 769 3343 quusi
786 3283 828 3327 ter
846 3280 952 3343 scripsi.-
971 3282 1068 3343 qustsr

97 3347 126 3394 1
144 3346 291 3413 (quatenus
308 3346 350 3409 W)
369 3350 493 3411 quartum
512 3344 586 3396 Bert.
610 3342 620 3409 ΙΙ
651 3348 683 3397 18
701 3345 740 3396 οΙῑ
758 3348 861 3397 addidi:
879 3362 924 3396 om.
942 3348 970 3394 Π
995 3344 1005 3410 ΙΙ
1034 3347 1067 3395 23

99 3415 269 3530 turgentiurp
284 3417 393 3480 scripsi:
411 3414 579 3479 stupentium
596 3415 624 3461 Π
643 3413 806 3464 tumentium
822 3413 1034 3479 Eyssenhardtus
1053 3424 1065 3474 ιξ

96 3483 132 3531 ‘2¹1
150 3482 228 3531 uexit
