2294 3780
86 148 88 154 ’
104 171 167 236 236
429 172 464 225 x,
495 171 643 222 11111111
659 170 742 223 Pru.

106 322 274 386 collucent.
304 343 322 384 ο
345 324 500 405 quantam
522 321 589 383 uim
610 318 768 402 possideo,
791 319 907 400 uirtus,
931 318 1069 401 quaein

104 405 166 469 hoe
199 406 312 469 babitu
345 404 417 488 plus
444 407 574 468 terroris
602 402 766 486 ¹praeferas
801 423 895 485 quam
929 402 1068 466 decoris!

105 491 205 554 secuti
228 489 313 553 huno
341 488 486 552 ardorem
508 487 676 551 fortissimi
697 487 816 551 milites
845 491 878 550 et
899 486 1015 633 dignos
1038 507 1070 550 se

105 574 203 637 ductu
231 574 298 637 eius
325 572 521 656 imperioque
546 571 657 635 testati
684 571 730 634 sio
758 570 878 633 uiritim
906 570 938 633 la
960 592 1070 634 oraue-

80 661 196 738 rrunt,
247 656 320 735 nasi*
338 677 462 720 summa
483 676 534 719 res
556 655 757 740 singulorum
777 676 875 717 manu
897 657 1069 718 teneretur.

169 739 230 803 XX
265 791 270 803 .
314 739 390 804 Non
417 739 671 804 commemorabo
699 739 753 803 hio
780 742 881 803 tectas
909 739 1071 802 continuis

105 825 266 907 stragibus
287 824 388 907 ripae,
410 845 476 888 non
496 824 661 907 oppletum
684 825 808 887 aceruis
831 843 999 906 corporum
1020 822 1072 886 Ti-

105 908 207 972 berim
229 910 262 971 et
275 908 360 972 inter
377 911 547 992 congestas
570 909 634 972 alte
649 907 838 971 cadauerum
858 907 958 970 moles
973 927 1071 989 aegro

105 992 179 1055 nisu
201 1013 237 1055 ac
259 993 313 1056 uix
335 992 549 1056 eluctantibus
572 991 754 1075 gurgitibus
782 993 950 1054 exeuntem
973 990 1072 1073 quod·

69 1093 94 1134 ιο
106 1097 168 1223 pue
196 1075 287 1139 illum
315 1077 419 1159 ipsum
446 1079 620 1160 tyrannum
652 1097 721 1139 non
753 1096 838 1139 mors
867 1074 984 1155 uirilis,
1017 1074 1072 1138 sed

107 1181 195 1307 itt
211 1158 1074 1329 luidisPlllllllll„llll‘tlllllllrslllllullli

107 1328 184 1391 satis
214 1331 277 1411 est,
307 1328 391 1411 quod
421 1331 453 1392 et
478 1329 543 1393 iam
570 1327 671 1410 pridie
697 1326 850 1409 prolixius
880 1327 960 1390 mibi
987 1327 1074 1390 diota

107 1415 183 1475 sunt
212 1433 315 1495 neque
342 1434 401 1496 pro
430 1411 587 1496 dignitate
616 1411 727 1494 exequi
757 1412 848 1494 eopia
877 1414 938 1493 est,
968 1414 1004 1473 ut
1032 1431 1073 1474 ne

70 1497 487 1644 ”lltllull'lnbgllll
500 1497 897 1643 llllttttttttl
917 1493 1074 1642 3011ᾞὲ1Ιὲ

130 1684 166 1726 ro
173 1667 310 1745 pondere
323 1686 427 1727 rerum
440 1662 614 1749 figurandi!
637 1663 821 1726 adhiberem
837 1684 947 1726 omnes
961 1662 1073 1726 floscu-

107 1685 156 1810 los
178 1750 211 1810 et
233 1748 380 1811 abuterer
395 1748 551 1830 exquisito
573 1748 709 1830 quodam
724 1747 831 1830 lepore
854 1768 890 1810 ao
905 1749 1074 1810 uenustate

109 1828 245 1893 dicendi.
282 1831 345 1892 iam
369 1831 521 1913 strepitus
543 1831 663 1911 Martii,
687 1831 749 1894 iam
772 1831 919 1895 tubarum
942 1851 1072 1894 sonores

70 1935 96 1975 1ο
109 1912 199 1975 festis
233 1917 265 1976 et
294 1914 464 1977 resultanti
495 1915 605 1978 fauore
638 1918 810 1978 mutantur.
855 1914 1007 1978 dicendus
1039 1914 1074 1976 in

109 1996 220 2059 urbem
247 1997 412 2081 ingressus
441 2002 489 2063 est
510 1999 728 2081 imperatoris,
758 1998 845 2062 etin
868 1998 1074 2081 exprimendo

109 2085 237 2144 senatus
264 2082 437 2167 populique
460 2082 597 2147 Romani
624 2083 763 2146 maximo
790 2082 906 2166 gaudio
935 2082 1073 2166 ingrata,

108 2165 172 2228 nisi
195 2168 228 2229 et
248 2166 320 2249 ipsa
341 2168 479 2250 lasciuit,
503 2168 613 2232 oratio.
643 2166 750 2231 nullus
772 2170 845 2249 post
866 2167 978 2230 urbem
1002 2187 1074 2230 oon·

108 2248 208 2312 ditam
231 2249 297 2314 dies
319 2251 465 2315 Romano
487 2252 594 2315 illuxit
614 2251 748 2334 imperio
775 2251 864 2314 ouius
886 2254 953 2313 tam
977 2250 1074 2313 effusa

70 2352 96 2394 re
109 2335 238 2418 tamque
266 2336 408 2420 insignis
432 2336 606 2420 gratulatio
635 2339 690 2398 aut
716 2334 815 2397 fuerit
843 2337 898 2397 aut
926 2355 995 2397 esse
1023 2333 1074 2397 de-

108 2417 228 2500 buerit,
257 2419 338 2482 nulli
359 2423 425 2482 tam
454 2420 530 2483 laeti
551 2419 706 2501 triumphi
728 2439 805 2500 quos
834 2419 999 2481 annalium
1022 2439 1074 2480 ue·

109 2504 211 2564 tustas
235 2507 435 2567 consecratos
457 2504 491 2565 in
514 2504 630 2566 litteris
652 2503 758 2566 habet.

173 2584 292 2649 XXXI.
347 2586 424 2649 Non
459 2587 638 2669 agebantur
673 2586 800 2670 quidem
837 2589 912 2649 ante
947 2606 1074 2649 currum

109 2666 210 2730 uincti
232 2668 342 2750 dunen,
367 2670 422 2732 sed
443 2669 612 2733 incedebat
633 2671 762 2733 tandem
785 2670 889 2734 soluta
911 2669 1073 2733 nobilitas.

71 2770 97 2811 oo
110 2770 176 2814 non
198 2752 334 2817 coniecti
355 2752 391 2815 in
413 2773 573 2816 carcerem
595 2753 739 2834 barbari,
762 2753 817 2817 sed
840 2753 946 2817 eduoti
968 2773 985 2814 e
1009 2774 1073 2817 oar·

110 2855 181 2898 aere
209 2837 394 2901 consularis.
438 2858 504 2901 non
534 2837 654 2921 captiui
682 2837 882 2921 alienigenae
909 2836 1074 2900 introitum

109 2918 199 2982 illum
222 2920 490 3002 honestauerunt,
519 2921 574 2985 sed
596 2921 699 2985 Roma
725 2922 788 2984 iam
811 2921 922 2985 libera.
967 2920 1016 2983 nil
1037 2940 1074 2983 ex

177 3073 193 3121 5
212 3071 309 3140 tenen]
324 3076 459 3124 niteretur
471 3074 548 3139 Cuep.
562 3073 572 3139 ΙΙ
588 3077 604 3125 9
616 3076 681 3124 nixu
693 3076 713 3123 B
723 3077 741 3122 0
751 3074 814 3123 VW
829 3072 833 3138 Ι
850 3074 1020 3125 eluctatibuo
1031 3073 1054 3121 Δ
1066 3068 1075 3135 ΙΙ

111 3139 141 3187 11
162 3138 244 3202 digno
262 3154 299 3188 w:
317 3142 428 3207 dignum
448 3144 476 3189 Η
496 3141 506 3207 Ι
528 3145 560 3192 12
578 3144 749 3192 tieoauerunt
767 3141 790 3189 Δ
810 3139 820 3206 Ι
846 3145 877 3192 13
896 3148 924 3190 et
942 3142 997 3190 iam
1016 3154 1075 3207 epo:

110 3205 192 3255 etiam
210 3209 238 3254 Η
257 3205 296 3268 (et
313 3208 344 3272 B)
365 3208 370 3270 Ι
389 3209 493 3272 pridem
512 3211 645 3260 Acidaliae
665 3206 675 3274 ΙΙ
700 3211 731 3258 14
748 3214 780 3258 ut
797 3223 830 3258 ne
849 3224 910 3272 epo:
930 3212 958 3258 et
975 3202 1011 3258 ne
1029 3210 1052 3256 Δ
1067 3203 1075 3271 ΙΙ

111 3274 142 3323 17
156 3273 277 3337 pondere
290 3291 352 3339 epo:
363 3291 409 3326 om.
423 3277 458 3334 x,
472 3277 608 3341 dignitate
620 3278 681 3327 add.
695 3278 754 3330 edd.
789 3271 937 3341 figurandi]
962 3272 1076 3342 llllrandi

110 3353 136 3389 v
152 3341 300 3406 perorandi
312 3357 329 3408 ς
341 3341 351 3408 ΙΙ
365 3345 396 3393 18
408 3343 535 3394 aduterer
546 3344 756 3408 Eyssenhardtue
774 3341 778 3408 Ι
792 3346 823 3394 19
836 3359 951 3394 sonores
978 3344 1041 3394 soni
1052 3353 1076 3390 w

110 3405 120 3475 ΙΙ
130 3410 164 3458 20
176 3408 255 3458 festio
266 3422 304 3458 vr
316 3410 406 3461 festus
415 3413 443 3459 Ι
455 3411 567 3462 festinis
578 3411 693 3462 uocibus
704 3411 779 3475 Omp.
794 3407 804 3475 Ι
817 3413 849 3460 29
861 3410 1057 3460 incedebantA
1067 3404 1076 3472 ΙΙ

110 3475 308 3539 edomuerint,
322 3493 391 3529 corr.
402 3479 532 3530 Liuineius
544 3476 554 3543 ΙΙ
567 3481 598 3530 31
612 3477 771 3529 consulares
780 3477 887 3526 ΜΠ
902 3478 906 3542 Ι
923 3480 1035 3544 captiuo
1044 3479 1076 3526 W
