2294 3780
107 151 172 216 314
256 152 320 208 xu.
343 150 716 204 Pnosrrssunnaou.
730 151 863 204 nucu.
880 153 921 202 47.

107 301 234 367 fortiter
255 300 453 386 feliciterque
475 300 596 380 fecisti,
625 305 657 365 et
679 304 840 365 annuente
864 299 996 367 numine
1019 305 1077 363 tuo

109 392 142 452 et
167 390 282 454 senatu
315 387 447 450 fauente
473 385 600 449 dixisse.
651 407 688 450 ea
715 406 807 468 uero,
844 406 925 470 quae
952 383 1077 448 Romae

108 475 201 557 gesta
229 476 320 554 sunt,
356 470 481 555 qualem
502 473 535 533 te
561 470 633 533 urbi
662 470 729 534 dies
752 471 872 553 primus
898 469 1076 552 inuenerit3

108 556 180 640 quis
207 556 242 620 in
271 555 359 620 curia
384 555 499 636 fueris,
534 554 604 637 quis
633 553 668 618 in
695 554 822 638 rostris3
860 557 896 618 ut
922 573 1078 637 pompam

83 641 329 724 spraeeuntium
350 638 543 704 ferculorum
566 657 660 703 curru
680 638 792 722 modo,
823 640 918 704 modo
940 637 1077 721 pedibus

108 725 312 808 subsecutus,
341 723 464 788 alterno
492 723 596 788 clarus
624 723 767 808 incessu,
800 745 887 788 nunc
910 722 948 786 de
969 721 1075 804 bellis,

108 830 195 873 nuno
218 808 257 873 de
279 808 428 891 superbia
449 807 673 892 triumpharis3
704 812 740 872 ut
760 812 793 873 te
815 807 962 872 omnibus
985 807 1072 890 prin·

109 893 137 957 ci
162 914 226 973 em,
249 892 384 977 singulis
407 892 589 958 exhibueris
611 896 808 975 senatorem
840 897 876 956 ut
898 892 1010 956 crebro
1033 891 1077 955 ci·

107 915 227 1060 uillque
249 998 420 1063 progressu
447 999 514 1042 non
536 977 665 1061 publica
684 981 811 1042 tantum
839 998 937 1060 opera
958 976 1075 1039 lustra·

70 1061 208 1144 seueris,
245 1061 302 1126 sed
329 1063 472 1146 priuatas
500 1083 624 1146 quoque
656 1061 749 1126 aedes
778 1061 896 1126 diuinis
929 1060 1076 1144 uestigiis

109 1149 320 1230 consecraris,
350 1155 475 1211 remota
501 1145 645 1211 custodia
669 1146 802 1210 militari
828 1146 929 1210 tutior
954 1145 1078 1229 publici

108 1231 226 1295 amoris
252 1231 410 1296 excubiis:
453 1230 568 1295 horum
595 1229 674 1295 haec
703 1231 837 1315 linguis,
866 1230 998 1312 horum,
1028 1231 1076 1293 in-

108 1336 218 1399 quam,
246 1337 326 1381 uoce
352 1314 523 1380 laudentur
551 1315 606 1400 qui
633 1314 672 1379 de
701 1315 920 1379 communibus
948 1313 1076 1398 gaudiis

108 1402 142 1463 et
165 1399 295 1497 dignius
322 1401 432 1484 utique
454 1421 535 1484 quae
563 1400 702 1463 maxima
729 1403 761 1463 et
787 1400 902 1463 iustius
924 1402 1077 1483 poterunt

69 1484 293 1568 mpraedroure
315 1506 395 1568 quae
417 1485 548 1568 propria
568 1487 652 1548 sunt.
702 1506 721 1548 o
743 1505 814 1547 mea
835 1483 913 1547 felix
934 1504 1009 1566 pere
1053 1482 1077 1545 i·

108 1568 213 1633 natio!
251 1569 372 1633 obene
395 1568 535 1652 suscepti
562 1572 594 1632 et
615 1567 761 1632 exhausti
783 1568 923 1632 labores!
961 1504 1076 1651 quiblis

109 1672 170 1736 ego
204 1654 360 1718 intersum
388 1653 495 1718 bonis!
533 1653 646 1736 quibus
680 1673 777 1736 paror
833 1652 951 1716 audiisl
995 1673 1077 1734 quae

107 1757 253 1801 reuersus
290 1738 420 1802 urbibus
457 1737 634 1802 Galliarum
671 1737 861 1821 dispensao
902 1736 1076 1800 miracula!

108 1822 238 1968 guantis
271 1821 466 1903 stupentium
499 1821 642 1904 populis,
681 1824 775 1905 quarn
808 1821 910 1886 multo
944 1821 1078 1886 circum-

70 1921 97 1963 so
131 1904 209 1968 abor
236 1903 396 1987 auditore,
426 1926 498 1968 cum
526 1904 650 1969 dixero:
688 1905 834 1970 ‘Romam
862 1907 943 1988 uidi,
971 1905 1077 1970 Theo·

109 1987 232 2052 dosium
264 1988 332 2053 uidi
365 1992 398 2054 et
429 1992 600 2072 utrumque
635 1988 729 2053 simul
762 1990 842 2076 uidi;
885 1990 952 2054 uidi
983 1989 1078 2053 illum

108 2073 263 2158 principis
282 2077 416 2157 patrem,
438 2074 506 2138 uidi
527 2074 617 2138 illum
639 2075 794 2158 principis
816 2075 984 2154 uindicem,
1008 2073 1079 2138 uidi

107 2157 198 2220 illum
234 2158 389 2257 principis
425 2161 669 2224 restitutorem’!
715 2161 754 2223 ad
791 2181 843 2223 me
879 2159 1077 2243 longinquae

109 2243 303 2306 conuenicnt
325 2243 481 2325 cruitates,
506 2266 596 2308 ame
618 2250 780 2329 gestarum
803 2244 948 2307 ordinem
968 2263 1078 2307 rerum

69 2326 199 2390 rostilus
221 2327 325 2391 omnis
347 2328 497 2412 accipiet,
526 2350 545 2392 a
567 2351 619 2393 me
641 2322 866 2413 argumentum
888 2328 1029 2412 poetica,
1058 2350 1078 2391 a

107 2431 159 2475 me
186 2410 281 2475 fidem
315 2416 419 2476 sumet
445 2412 590 2478 historia.
639 2414 842 2496 conpensabo
876 2412 937 2476 tibi
969 2411 1076 2496 istam,

108 2495 295 2579 imperator,
317 2496 483 2580 iniuriam,
506 2497 548 2580 si,
571 2518 643 2562 cum
665 2498 703 2560 de
725 2500 757 2562 te
779 2498 848 2580 ipse
870 2497 918 2561 nil
941 2496 1077 2561 dixerim

108 2579 192 2662 quod
213 2578 385 2663 legendum
406 2582 463 2663 sit,
484 2583 642 2646 instruam
665 2581 720 2666 qui
741 2582 899 2666 legantur.

176 2822 190 2868 1
215 2825 243 2870 et
264 2821 347 2871 omit
376 2818 386 2885 ΙΙ
416 2823 431 2871 3
453 2827 512 2885 post
534 2825 697 2885 gestarunt
718 2821 792 2886 Cusp.
811 2823 872 2872 add.
896 2827 924 2870 et
941 2826 1078 2884 geruntur

107 2887 226 2952 ingeniis
247 2887 432 2953 permittenda
454 2888 584 2939 Romanis
607 2894 671 2939 sunt
701 2887 710 2954 ΙΙ
745 2891 776 2938 11
800 2894 876 2939 tutus
897 2888 972 2938 Bert.
1002 2886 1012 2953 11
1044 2892 1077 2939 19

107 2953 275 3085 missin&
291 2959 324 3074 {g
342 2956 528 3088 lnrlillllllgmm
545 2958 578 3005 W
598 2954 608 3021 ΙΙ
629 2958 662 3007 25
680 2958 788 3021 poetica
805 2972 851 3006 om.
869 2957 892 3005 A
912 2953 922 3020 11
943 2957 975 3005 27
993 2959 1078 3006 malim
