2294 3780
233 169 450 221 anarrinon
469 168 577 221 ACTIO
596 170 760 221 IULIANO.
783 173 894 223 26-29.
985 171 1046 235 267

78 318 202 383 toribus
222 318 399 382 nuntiatur.
429 319 539 382 statim
555 340 572 382 e
588 317 667 381 solio
682 321 846 402 tamquam
860 324 1048 404 praeceptus

79 403 193 467 exiluit
219 402 311 466 uultu
337 403 462 486 trepido
491 406 586 486 atque
614 405 797 486 satagente,
828 405 930 487 qualis
959 426 1048 469 meus

80 508 150 551 esse
171 488 345 571 potuisset,
374 488 401 550 si
422 487 562 584 principi
584 508 674 550 serus
700 507 907 552 occurrerem.
953 510 1048 575 aegre

78 571 213 637 remotis
264 570 350 654 opuli
377 592 431 655 qur
459 572 518 635 nos
546 570 829 655 praegrediebatur
857 572 1048 658 agminibus,

78 658 116 719 ut
138 594 440 740 quamlongissime
462 656 555 719 nobis
578 656 706 719 obuiam
721 657 907 740 procederet
928 658 1075 721 labora-c

79 740 137 803 uit.
171 739 239 804 illic
260 740 474 824 gaudentibus
498 740 631 822 cunctis,
658 762 716 823 pro
739 744 850 806 sancta
871 742 1049 822 diuinitasl,

103 845 143 887 uc
166 844 232 908 ore,
262 845 324 907 qua
346 845 424 889 uoce
447 830 530 889 ‘aue'
555 824 661 908 inquit
683 827 808 890 ‘consul
831 826 1048 910 amplissime'.

80 845 235 992 dignatus
255 928 312 973 uos
333 910 441 973 osculo
464 910 529 973 cris
550 909 636 972 illius
652 909 770 973 diuinis
793 910 956 975 afflatibus
978 932 1049 975 con-

79 992 196 1057 secrati
224 993 387 1057 dexteram
413 994 515 1076 dedit,
543 993 632 1056 illam
660 993 838 1077 dexteram,
869 995 1049 1059 immortale

103 1077 199 1161 ignus
227 1077 356 1141 uirtutis
389 1082 422 1142 et
447 1078 530 1142 fidei.
580 1080 695 1161 poetae
721 1077 831 1142 ferunt
859 1080 1049 1143 altissimum
1064 1098 1090 1137 ιο

79 1100 173 1225 iilum
196 1164 228 1225 et
251 1166 367 1226 cuncta
388 1165 547 1245 potestate
571 1161 774 1226 cohibentem
796 1162 905 1245 deum,
929 1164 982 1246 qui
1005 1164 1050 1226 di-

79 1244 168 1310 tione
184 1249 338 1330 perpetua
359 1247 468 1310 diuina
490 1249 584 1331 atque
599 1246 741 1310 humana
762 1246 955 1329 moderatur,
979 1269 1051 1311 cum

81 1330 238 1414 despiciat
259 1331 294 1395 in
315 1333 433 1414 terras,
458 1330 657 1394 habitualis
680 1334 905 1415 tempestatum
928 1332 1051 1395 incerta

79 1420 219 1494 mutare,
243 1415 310 1479 eius
331 1419 412 1479 nutu
435 1415 588 1479 mundum
607 1418 812 1499 tremescere,
834 1416 920 1478 illius
941 1414 1050 1478 bilari-

79 1502 149 1563 tate
166 1500 311 1565 turbines
334 1501 433 1584 abigi,
457 1501 558 1564 nubes
573 1499 691 1584 fugari,
716 1500 853 1564 nitentia
866 1522 924 1583 per
941 1500 1090 1564 orbem1⁵

81 1604 196 1649 serena
218 1583 355 1648 refundi.

145 1666 266 1737 XXIX.
296 1668 367 1733 Hoc
387 1669 435 1732 ita
458 1690 526 1732 esse
549 1668 648 1732 oculis
670 1668 765 1751 paulo
789 1671 864 1732 ante
887 1669 978 1732 licuit
1000 1689 1051 1732 ex-

79 1752 189 1837 periri.
216 1753 251 1816 in
273 1756 427 1836 quantam
449 1753 572 1817 laxatus
595 1756 645 1816 est
659 1753 797 1836 populus
812 1756 844 1817 te
866 1753 1051 1817 consulibus

79 1837 147 1900 tuis
169 1837 329 1901 arridente
351 1837 529 1901 laetitiam?
555 1837 693 1901 uidimus
717 1838 870 1902 attonitos
894 1837 1051 1902 admiran-

42 1954 45 1959 ·
79 1920 164 1985 tium
190 1922 315 2005 uultus,
345 1918 559 1986 multiformes
582 1922 770 2020 laetantium
798 1926 917 2003 status,
947 1923 1052 1986 uarios
1065 1940 1091 1979 ro

80 2006 1053 2172 tutat?atltaetuttalttlltssurftlsslt

80 2174 264 2240 multitudo.
293 2176 412 2239 nimiae
428 2176 569 2239 laetitiae
591 2174 712 2238 decoris
735 2177 811 2236 suut
833 2176 865 2236 et
878 2173 1052 2256 grauitatis

80 2261 294 2324 immemores.
324 2260 380 2323 illa
399 2260 530 2324 iactatio
546 2264 705 2344 togarum,
729 2257 785 2320 illa
808 2257 962 2321 exultatio
987 2277 1052 2320 cor-

81 2365 198 2429 porum
234 2345 451 2409 nescientibus
487 2366 589 2428 paene
621 2343 805 2406 hominibus
842 2341 1052 2405 excitabatur.
1066 2356 1092 2395 2⁵

82 2450 212 2493 omnem
238 2429 428 2493 modestiam
451 2429 578 2512 populi,
609 2448 735 2492 omnem
757 2426 983 2490 uerecundiam
1005 2423 1054 2488 tui

81 2514 202 2599 gaudia
229 2514 349 2578 effrena
377 2517 614 2597 superauerant.
660 2521 751 2591 ‘aue‚
785 2510 897 2575 consul
925 2509 1054 2592 amplis·

82 2601 187 2663 aime?
216 2618 297 2663 aueo
313 2598 419 2683 plane,
441 2600 626 2681 imperator,
650 2601 683 2660 et
704 2596 815 2660 anebo.
844 2594 1055 2678 nequeenim

83 2686 220 2746 euentus
245 2704 314 2748 esse
335 2685 443 2765 potest
470 2682 574 2764 optati
596 2680 690 2744 huius
720 2681 903 2764 ambiguus,
933 2701 1004 2743 cum
1027 2679 1054 2741 is

83 2788 179 2831 auere
206 2789 257 2832 me
284 2767 393 2830 iubeat
419 2767 473 2850 qui
499 2767 562 2830 iam
585 2766 664 2829 fecit
690 2768 726 2827 ut
749 2786 886 2829 auerem.
932 2761 1055 2826 ‘consul
1068 2778 1094 2817 30

153 3023 169 3070 2
187 3025 294 3073 menso
311 3020 321 3088 11
339 3026 354 3073 3
373 3023 460 3072 serius
479 3023 538 3071 edd.
555 3019 565 3085 ΙΙ
582 3023 598 3069 4
616 3019 844 3085 progrediebatur
856 3020 882 3067 Μ
899 3016 909 3083 ll
926 3021 942 3067 t
961 3017 1056 3081 illiga

85 3087 91 3154 Ι
111 3088 296 3155 gaudentibus
314 3092 422 3140 cunctis
440 3097 499 3153 post
517 3088 575 3137 illic
587 3089 617 3149 Δ,
634 3095 695 3150 post
712 3103 737 3152 p.
752 3101 772 3137 s.
787 3086 920 3137 diuinitas
935 3086 1058 3135 BGVW

81 3163 185 3223 ponant
208 3155 219 3223 ll
243 3161 258 3207 7
276 3173 344 3208 uoce
362 3158 452 3221 inquit
472 3171 523 3207 aue
541 3170 615 3206 cons.
634 3152 709 3204 Bere.
735 3151 738 3218 Ι
765 3169 815 3204 aue
833 3156 915 3206 onuc
939 3151 949 3217 ΙΙ
973 3155 989 3204 8
1007 3168 1058 3203 nos

83 3240 147 3290 epo:
170 3240 217 3275 om.
235 3226 262 3273 Μ
287 3225 292 3288 Ι
317 3224 461 3324 afflatibus
478 3226 587 3305 arripui:
616 3221 806 3318 aflictibusnbg
822 3220 833 3286 ΙΙ
864 3225 894 3272 11
916 3226 1058 3336 potestapp

83 3293 169 3427 {biblia
187 3298 257 3410 iili
268 3290 409 3410 ¹decibali}
432 3292 520 3424 1ΙῘΙᾶιὲῒΙ11
533 3289 971 3420 tirbiuslul—cianiihbclirpiiiiiriniiu
985 3285 1012 3400 iv
1042 3350 1056 3417 Η

83 3428 119 3559 ,23
136 3426 230 3544 dep‘cori
248 3429 380 3543 Lircr’peiur
409 3423 419 3490 ΙΙ
448 3429 481 3477 30
499 3441 582 3477 auara
600 3439 641 3475 me
660 3438 698 3472 w:
722 3439 832 3475 auerern
849 3426 878 3471 Π
898 3436 979 3471 auara
999 3422 1058 3474 edd.

110 3498 142 3544 at
181 3510 290 3546 auerem
