2294 3780
110 156 170 220 138
432 159 464 210 u.
496 155 646 206 mosum
663 154 742 205 sau.

108 308 299 391 cogerentur
327 308 359 370 et
386 327 458 370 cum
486 303 677 388 coniugibus
705 325 742 367 sc
767 302 877 367 liberis
904 304 1075 385 ceteroque

108 391 256 455 examine
282 389 552 455 necessitudinum
580 408 617 452 ac
645 409 751 453 rerum
778 408 906 452 suarum
935 385 976 449 ad
1002 385 1076 450 loca

108 475 184 540 olim
208 475 333 539 deserta
352 473 526 537 transirent
548 475 599 555 ut,
627 494 708 556 quae
729 472 866 536 fortasse
887 471 950 554 ipsi
973 490 1076 554 quon·

108 559 181 623 dam
209 557 431 642 depraedando
459 555 681 640 uastauerant,
712 557 797 620 culta
818 554 988 620 redderent
1009 574 1075 619 ser·

81 643 233 708 suiend0.

171 725 228 790 IX.
273 725 349 801 Quis
371 726 432 790 hoc
454 747 605 810 umquam
627 725 786 807 futurum,
817 723 944 789 etiamsi
966 743 1076 788 eoram

108 811 263 875 uoluisset
290 810 395 894 affari,
424 810 501 875 deus
524 813 599 874 ante
621 830 679 873 uos
699 808 861 892 principes
882 807 1075 892 persuadere

107 895 265 978 potuisset
285 895 370 978 quod
391 915 478 958 nunc
499 894 637 958 uidimus
659 895 692 957 et
713 893 874 957 uidemus:
902 893 979 956 totis
1001 913 1075 975 por-

108 979 224 1043 ticibus
247 979 414 1043 ciuitatum
428 978 539 1043 sedere
560 979 688 1061 captiua
709 977 838 1062 agmina
852 975 1073 1059 barbarorum,

70 1088 96 1127 ιο
108 1063 195 1127 uiros
218 1063 357 1128 attonita
378 1063 505 1127 feritate
527 1062 733 1145 trepidantes,
757 1059 970 1144 despicientes
993 1081 1074 1124 enus

108 1148 273 1232 ignauiam
290 1147 439 1230 filiorum,
462 1150 580 1231 nuptas
600 1146 794 1228 maritorum,
817 1144 955 1210 uinculis
979 1162 1074 1227 copu-

107 1231 191 1296 latos
213 1253 327 1316 pueros
350 1253 387 1297 ac
408 1231 533 1315 puellas
555 1229 706 1295 familiari
727 1250 888 1294 murmure
907 1228 1076 1293 blandien-

108 1318 156 1380 tes
179 1320 273 1400 atque
294 1316 353 1380 hos
375 1337 485 1381 omnes
507 1315 760 1399 prouincialibus
784 1314 899 1378 uestris
921 1312 962 1377 ad
983 1312 1073 1376 ohse-

108 1403 219 1484 quium
246 1401 446 1483 distributos,
479 1401 580 1464 donec
608 1399 648 1462 ad
676 1399 852 1464 destinatos
880 1397 940 1462 sibi
969 1396 1074 1461 cultus

70 1508 96 1548 15
109 1484 318 1548 solitudinum
339 1485 539 1548 ducerentur.
584 1483 737 1548 insultare
759 1482 888 1548 hercule
911 1482 1075 1546 communi

110 1568 287 1633 Galliarum
309 1569 439 1631 nomine
461 1568 541 1632 libet
562 1573 601 1646 et,
627 1567 711 1650 quod
730 1589 809 1651 pace
831 1570 938 1630 uestra
951 1564 1073 1649 loquar,

108 1653 187 1736 ipsis
200 1651 398 1734 triumphum
418 1652 479 1715 assi
505 1672 582 1715 nare
597 1653 780 1734 prouinciis.
805 1656 876 1716 arat
893 1671 928 1715 er
948 1671 970 1713 -o
985 1670 1074 1714 nune

108 1736 188 1799 mihi
211 1735 392 1800 Chamauus
419 1740 452 1800 et
520 1736 596 1799 'sius
626 1738 658 1799 et
679 1736 733 1800 ille
760 1757 876 1821 uagus,
907 1670 962 1798 iile
984 1755 1075 1818 prae·

109 1821 201 1882 dator
224 1818 373 1883 exercitio
388 1819 549 1903 squalidus
570 1820 652 1883 ruris
674 1824 822 1903 operatur
844 1823 876 1883 et
890 1818 1076 1902 frequentat

69 1927 96 1966 ao
108 1903 270 1967 nundinas
291 1924 378 1967 meas
392 1925 506 1987 pecore
524 1903 630 1968 uenali
653 1906 685 1967 et
701 1905 802 1968 cultor
815 1904 969 1968 barbarus
983 1904 1076 1967 taxat

109 2008 279 2052 annonam.
323 1987 401 2072 quin
429 1987 526 2052 etiam
553 1988 580 2050 si
609 1986 650 2050 ad
672 1987 823 2053 dilectum
848 1990 993 2069 uocetur,
1023 2008 1094 2052 ac·

109 2072 208 2136 currit
240 2075 273 2137 et
301 2073 461 2156 obsequiis
488 2074 604 2137 teritur
635 2075 668 2136 et
696 2077 788 2157 tergo
822 2071 1010 2137 cohercetur
1043 2075 1076 2136 ct

109 2156 227 2220 seruire
250 2178 283 2221 se
306 2156 439 2222 militiae
461 2157 591 2221 nomine
613 2157 803 2240 gratulatur.
846 2156 920 2240 quid
943 2155 1075 2238 faciam,

109 2240 250 2305 Caesar?
294 2243 440 2326 ignosce,
474 2242 501 2306 si
530 2262 652 2327 moror,
689 2242 837 2325 ignosce,
869 2240 896 2303 si
918 2261 1074 2324 propero:

69 2345 96 2386 as
108 2327 208 2390 multa
238 2326 322 2390 enim
351 2327 436 2391 illius
463 2326 632 2410 temporis,
665 2346 727 2409 quo
754 2325 911 2388 transitus
938 2324 972 2387 in
1003 2323 1075 2389 Bri·

108 2411 253 2473 tanniam
265 2411 448 2494 parabatur,
463 2408 666 2475 admirabilia
680 2409 834 2473 uirtutum
845 2412 973 2473 tuarum
985 2407 1075 2472 facta

107 2497 272 2575 praetereo
278 2542 287 2575 ,
313 2494 387 2557 dum
409 2495 527 2558 festino
549 2492 681 2575 cupidus
704 2493 743 2557 ad
765 2493 962 2577 singularem
985 2492 1074 2556 illam

107 2576 286 2658 uictoriam,
311 2599 374 2659 qua
395 2577 546 2640 uniuersa
567 2576 762 2658 respublica
784 2577 911 2641 tandem
935 2579 985 2641 est
1005 2576 1074 2639 uin·

110 2660 223 2723 dicata.
269 2660 356 2723 cuius
379 2661 586 2745 magnitudo,
615 2659 733 2726 Caesar
755 2661 890 2744 inuicte,
918 2660 1074 2724 hactenus

70 2762 96 2804 so
110 2743 319 2827 explicabitur
345 2747 382 2808 ut
402 2745 490 2828 prius
513 2744 616 2809 dicam
641 2765 737 2828 quam
759 2746 972 2810 necessarium
995 2743 1075 2808 illud

176 2935 191 2982 2
211 2928 349 2997 examine]
369 2932 477 2998 agmine
497 2946 522 2980 w
542 2930 552 2997 ΙΙ
576 2935 591 2984 ‘1
609 2932 745 2984 uoluisset
762 2947 799 2982 w:
818 2932 947 2983 uoluistis
966 2936 995 2981 et
1012 2932 1041 2979 it
1060 2929 1071 2995 [1

110 2999 141 3049 10
160 3001 342 3063 respicientes
358 3001 398 3061 it,
418 3015 488 3050 corr.
505 3001 714 3065 Eyssenhardius
730 2998 741 3065 ΙΙ
758 3002 789 3050 11
808 3001 919 3066 nuptias
939 3001 956 3048 (l
970 2998 974 3062 Ι
991 3013 1074 3062 copu-

108 3065 181 3116 latos
198 3067 421 3132 Eyssenhardtus:
440 3068 587 3131 copulatas
603 3069 632 3116 11
654 3067 658 3131 Ι
676 3068 822 3134 copulatas
840 3066 960 3117 uinculis
977 3067 998 3115 B
1017 3069 1035 3115 ὓ
1053 3066 1075 3113 V

110 3129 122 3197 ll
148 3133 178 3182 ia
196 3148 361 3183 murmurare
379 3131 431 3199 ΔΙ
459 3136 489 3186 13
507 3135 593 3186 hoec
617 3133 627 3200 ΙΙ
652 3137 684 3185 15
701 3135 812 3186 hercule
831 3137 906 3185 edd:
924 3132 1031 3184 herculi
1048 3135 1074 3182 ll

108 3195 237 3264 (herculii
253 3200 296 3266 W)
318 3201 328 3266 ΙΙ
349 3203 380 3251 16
399 3200 469 3250 libet
487 3207 515 3253 et
532 3204 677 3253 Liuineius:
698 3203 768 3253 libet
786 3205 813 3250 1
834 3200 844 3268 ΙΙ
865 3204 897 3252 18
917 3201 1073 3252 Chamauos

107 3267 236 3332 Longius:
250 3267 386 3319 Chamsus
395 3270 538 3321 swssert.
552 3271 665 3322 chamus
676 3272 697 3320 B
707 3271 756 3320 GV
772 3268 782 3335 ΙΙ
801 3272 832 3321 19
847 3269 989 3335 squalidus
1001 3270 1074 3320 ruris

107 3336 216 3399 scripsi:
228 3336 318 3400 squali
329 3336 516 3388 rudisllBert.
530 3339 663 3389 exercitia
676 3338 798 3402 squalidi
809 3339 879 3388 nuris
889 3351 913 3386 w
926 3336 935 3403 ΙΙ
949 3339 982 3387 20
995 3341 1074 3387 taxat

108 3417 169 3482 epp:
187 3402 262 3453 laxat
278 3404 306 3451 Η
329 3402 339 3470 ΙΙ
363 3407 396 3455 ‘24
414 3403 518 3457 Caesar
535 3405 624 3456 Beris
646 3405 750 3457 Caesar
768 3410 883 3471 auguste
901 3406 928 3453 u
957 3402 968 3470 ΙΙ
997 3407 1030 3455 30
1048 3404 1073 3454 si

107 3484 183 3534 prius
201 3484 226 3518 w
