2294 3780
381 119 541 170 rannac
560 121 594 170 n.
617 122 728 171 ss-ac.
997 120 1039 184 23
1091 80 1096 91 ’

133 268 252 335 XXVI.
288 267 492 332 Aduentantc
514 269 669 353 congiarii
690 269 741 333 die
761 269 929 333 obseruare
949 271 1037 352 prin·

66 354 151 437 cipis
176 373 341 438 egressum
368 353 403 416 in
425 352 606 435 publicum,
637 353 777 417 insidere
798 353 867 416 uias
889 356 1037 418 examina

70 438 246 502 infantium
268 437 457 519 futurusque
472 436 609 520 populus
632 437 764 502 solebat.
792 436 881 501 labor
895 440 1037 519 parenti-

70 520 130 586 bus
158 525 228 585 erat
250 523 411 585 ostentare
432 521 583 603 paruulos
605 521 833 604 impositosque
859 522 1036 585 ceruicibus

69 604 237 670 adulantia
252 606 351 670 uerba
366 605 561 687 blandasque
581 626 675 668 uoces
691 605 838 669 edocere:
861 605 1064 670 reddebants

69 688 120 752 illi
142 710 223 771 quae
244 689 467 753 monebantur.
496 689 585 771 atqui
603 688 748 771 plerique
769 689 868 753 irritis
889 690 1038 772 precibus

69 771 184 837 surdas
209 773 365 856 principis
393 794 485 836 aures
513 773 743 855 obstrepebant
769 774 937 858 ignarique
962 775 1038 857 quid

69 861 254 940 rogassent,
283 857 360 940 quid
381 879 447 920 non
470 857 710 940 impetrassent,
736 857 836 921 donec
858 858 954 940 plane
976 859 1037 922 sci-

69 943 159 1021 rent,
183 940 421 1005 differebantur.
456 943 492 1004 tu
514 963 556 1005 ne
577 941 686 1025 rogari
708 942 836 1024 quidem
858 942 1038 1007 sustinuisti

69 1028 113 1106 et,
138 1045 329 1108 quamquam
344 1025 555 1089 laetissimum
570 1024 670 1090 oculis
684 1027 748 1089 tuis
764 1029 848 1090 esset
864 1030 1037 1110 conspeetu
1051 1052 1077 1091 ιο

69 1108 239 1173 Romanae
262 1109 379 1173 sobolis
402 1108 545 1192 impleri,
575 1131 686 1173 omnes
710 1112 834 1192 tamen,
866 1114 1038 1193 antequam

68 1197 103 1256 te
126 1192 273 1256 uiderent
295 1193 474 1276 adirentue,
502 1194 601 1276 recipi
629 1193 728 1258 incidi
749 1195 887 1275 iussisti,
916 1196 1038 1258 utiam

70 1276 148 1340 inde
170 1276 212 1339 ab
233 1276 374 1341 infantia
394 1280 560 1360 parentem
582 1277 746 1360 publicum
769 1299 903 1341 munere
925 1278 1038 1341 educa·

68 1361 168 1424 tionis
191 1363 419 1444 experirentur,
442 1365 622 1426 crescerent
644 1360 682 1424 de
703 1365 759 1424 tuo
781 1361 835 1443 qni
858 1366 1038 1426 crescerent

70 1445 133 1508 tibi
165 1445 387 1528 alimentisque
414 1446 476 1508 tuis
505 1446 545 1509 ad
568 1445 727 1528 stipendia
754 1448 811 1508 tua
833 1446 1039 1528 peruenirent
1051 1470 1077 1510 15

70 1531 261 1612 tantumque
285 1550 395 1593 omnes
423 1530 480 1593 uni
500 1530 561 1594 tibi
583 1533 738 1614 quantum
761 1530 950 1611 parentibus
973 1531 1038 1595 suis

70 1613 206 1696 quisque
229 1613 366 1677 deberet.
408 1617 507 1692 recte,
533 1613 659 1695 Caesar,
683 1612 766 1697 quod
788 1635 878 1697 spem
899 1613 1037 1678 Romani

69 1697 211 1760 nominis
239 1698 418 1781 sumptibus
446 1700 510 1762 tuis
537 1699 681 1782 suscipis.
725 1697 848 1762 nullum
876 1701 926 1762 est
951 1699 1037 1762 enim

69 1802 192 1865 magno
214 1781 359 1865 principe
381 1783 716 1865 immortalitatemque
742 1783 893 1846 meritura
915 1783 1037 1866 impen-

69 1866 116 1929 dii
139 1887 241 1949 genus
265 1866 297 1929 di
320 1867 393 1930 nius
421 1888 514 1949 quam
537 1867 621 1950 quod
647 1870 796 1951 erogatur
823 1867 857 1930 in
879 1871 1035 1950 posteros.
1050 1893 1076 1931 so

68 1948 245 2032 locupletes
272 1888 321 2014 ad
333 1950 490 2015 tollendos
519 1951 636 2015 liberos
664 1952 811 2034 ingentia
837 1952 979 2035 praemia
1005 1954 1039 2015 et

69 2055 165 2116 pares
186 2055 308 2117 poenae
331 2034 550 2120 cohortantur,
579 2036 771 2118 pauperibus
795 2035 949 2099 educandi
972 2057 1038 2099 una

70 2119 154 2181 ratio
179 2121 227 2181 est
249 2119 351 2182 bonus
374 2119 531 2203 princeps.
569 2119 622 2182 hic
644 2120 760 2184 fiducia
783 2121 831 2182 sui
854 2125 1037 2203 procreatos

68 2202 135 2265 nisi
162 2203 254 2286 larga
280 2225 378 2266 manu
403 2203 493 2266 fouet
521 2206 618 2285 auget
644 2203 858 2285 amplectitur,
889 2222 1038 2264 occasum

69 2287 215 2369 imperii,
247 2308 392 2353 occasum
420 2288 466 2350 rei
493 2287 640 2369 publicae
671 2286 829 2348 accelerat
854 2285 1037 2367 frustraque
1051 2307 1076 2347 aa

70 2391 219 2453 proceres
241 2371 334 2454 plebe
356 2371 520 2455 neglecta,
546 2372 584 2432 ut
606 2368 766 2432 desectum
788 2388 918 2449 corpore
941 2372 1038 2450 caput

71 2458 322 2538 nutaturumque
349 2455 492 2518 instabili
519 2452 675 2536 pondere,
704 2455 822 2516 tuetur.
867 2451 963 2516 facile
989 2456 1039 2516 est

71 2539 253 2602 coniectare
276 2538 360 2620 quod
382 2539 561 2621 perceperis
583 2537 749 2622 gaudium,
776 2559 848 2601 cum
870 2539 903 2601 te
924 2558 1038 2620 paren·

69 2625 142 2684 tum
170 2623 340 2686 liberorum
372 2644 484 2687 senum
516 2623 688 2687 infantium
715 2644 885 2706 puerorum
919 2622 1038 2685 clamor

70 2706 240 2788 exciperet.
270 2707 347 2770 haec
368 2707 473 2789 prima
494 2708 700 2790 paruulorum
722 2707 839 2771 ciuium
861 2727 924 2769 uox
946 2727 1037 2770 aures
1051 2727 1077 2767 so

70 2793 145 2853 tuas
166 2791 298 2873 imbuit,
328 2792 443 2873 quibus
465 2796 501 2855 tu
523 2791 654 2855 daturus
683 2791 835 2854 alimenta
856 2789 917 2853 hoc
938 2791 1037 2854 maxi·

141 3030 154 3076 1
175 3029 346 3078 aduentante
365 3035 450 3079 antea
469 3031 498 3082 θ.
514 3030 549 3078 Il.
565 3030 719 3091 Sebaeferus
738 3033 803 3078 ante
822 3033 849 3077 te
869 3027 1038 3077 aduentante

71 3095 181 3145 Keilias.
205 3098 317 3161 equidem
333 3105 393 3146 unte
412 3097 548 3161 congiarii
565 3098 726 3146 intercidisse
737 3098 879 3156 peracerba
898 3095 1012 3144 condam
1030 3092 1039 3157 ῑΙ

71 3165 87 3210 2
106 3163 166 3212 uias
185 3179 231 3213 om.
251 3166 267 3211 c
289 3160 299 3226 ΙΙ
321 3165 336 3212 6
356 3165 433 3228 etqui
450 3166 557 3227 scripsi:
576 3179 608 3212 aa
625 3166 653 3210 Μ
670 3168 700 3211 at
719 3164 846 3212 Gesneras
867 3160 876 3226 ΙΙ
899 3165 914 3211 7
933 3162 1039 3212 obstre-
1104 3163 1108 3171 ’

71 3230 177 3293 pebant
195 3245 232 3280 w:
252 3231 452 3294 adstrepebant
469 3232 495 3278 Μ
518 3229 528 3295 ΙΙ
550 3232 565 3280 9
584 3230 749 3280 differebant
767 3233 784 3278 c
807 3227 816 3294 ΙΙ
839 3232 869 3278 12
888 3229 972 3278 incidi
991 3243 1037 3279 om.

71 3297 104 3344 W
120 3294 130 3361 ΙΙ
149 3301 179 3348 13
198 3302 344 3362 parentum
355 3299 389 3360 Μ,
409 3314 477 3349 corr.
491 3311 508 3362 ς
522 3301 527 3355 1
543 3312 641 3347 munus
658 3298 715 3345 nw
732 3295 742 3360 ΙΙ
759 3299 791 3345 22
810 3297 992 3347 abhortantur
1006 3295 1038 3342 W

70 3370 231 3414 coartantur
247 3366 267 3413 B
283 3367 287 3424 l
304 3365 456 3415 educandis
468 3366 494 3412 Μ
513 3363 523 3430 ΙΙ
540 3367 575 3415 ‘dt
591 3364 731 3414 desectum
743 3367 773 3412 0:
793 3364 930 3415 defectum
943 3363 963 3410 B
974 3362 1036 3409 VW

70 3430 79 3493 l!
97 3434 128 3482 31
147 3433 244 3481 imbuit
261 3433 306 3481 W:
325 3433 445 3482 imbutus
463 3434 558 3482 ΒΗ.
