2294 3780
221 141 433 196 MAXIMIANO
452 144 500 196 ΕΤ
519 144 777 199 CONSTANTINO
796 148 829 198 D.
848 149 957 199 12-14.
1013 147 1074 211 159

103 290 227 355 Marius
250 313 269 355 a
285 291 426 356 factione
441 289 574 356 Sullana
596 294 708 358 urbem
723 298 844 378 recepit
866 317 962 360 senex
978 297 1074 380 idque

104 396 225 461 magno
240 376 411 441 interuallo
426 380 607 460 temporum
622 379 766 443 euenisse
787 380 993 445 memorabile
1009 390 1072 445 est:

104 482 201 544 quam
229 460 323 524 facile
350 482 437 525 nunc
465 462 569 526 omnis
597 465 701 526 metus
728 468 829 547 ponet
850 463 996 529 Romana
1023 487 1072 529 res

103 544 251 628 publica,
286 567 366 629 quae
394 544 576 610 defenditur
605 548 768 612 coniuncti
796 550 923 633 imperii
951 549 1073 614 duabus

105 628 266 693 aetatibus
288 629 470 713 pariterque
496 630 596 694 utitur
622 632 742 696 uirtute
763 633 889 697 iuuenis
917 637 949 697 et
970 639 1098 697 matri-⁵

103 715 199 778 ritate
222 714 367 778 senioris.

167 797 258 863 XIV.
307 797 369 882 Te,
395 801 503 881 peter,
534 820 573 862 ex
594 799 665 883 ipso
687 800 813 884 imperii
840 803 958 866 uertice
981 802 1074 866 decet

103 883 214 947 orbem
236 882 420 967 prospicere
442 903 644 947 communem
665 883 858 969 caelestique
880 890 962 950 nutu
979 887 1072 950 rebus

101 966 253 1032 humenis
268 967 337 1031 fata
351 967 530 1048 decernere,
553 969 696 1052 auspicia
710 969 804 1033 bellis
821 970 971 1055 gerendis
988 971 1070 1052 dare,

102 1051 608 1220 iiiiiiffledleffsslluiditii
631 1053 905 1220 {luridati
930 1056 1072 1204 letti
1085 1077 1111 1117 ¹⁰

101 1222 255 1306 gentibus
288 1222 392 1285 instat
422 1220 606 1308 imperium,
642 1222 828 1305 frequentes
861 1224 900 1285 ad
928 1243 1073 1288 socerum

100 1306 313 1371 uictoriarum
329 1304 453 1368 laureas
474 1298 611 1388 mittere,
634 1310 807 1390 praecepta
820 1310 938 1390 petere,
961 1305 1073 1370 effecto

100 1389 287 1455 rescribere.
312 1389 358 1453 ita
379 1390 506 1454 eueniet
528 1392 565 1453 ut
582 1392 615 1453 et
632 1390 726 1453 ambo
749 1390 917 1455 consilium
933 1391 1072 1474 pectoris

101 1476 197 1539 unius
219 1473 365 1539 habeatis
392 1477 425 1538 et
445 1477 578 1556 uterque
600 1474 684 1538 uires
707 1474 851 1538 duorum.
896 1496 914 1539 ο
936 1474 1015 1539 felix
1035 1474 1070 1538 in
1085 1494 1110 1536 15

100 1559 238 1643 imperio
267 1561 395 1643 etpost
416 1558 585 1642 imperium
607 1557 733 1623 felicior
760 1560 866 1644 (audis
892 1560 976 1623 enim
998 1580 1072 1644 pro·

101 1644 189 1709 fecto
215 1642 295 1708 haec
323 1647 356 1708 et
380 1643 500 1725 uides),
535 1642 606 1707 diue
636 1643 821 1726 Constanti,
856 1665 951 1727 quem
978 1665 1072 1707 curru

100 1727 1070 1898 13111εὲ01ξέ111311ιὲ111111111111111

101 1897 155 1962 dio
177 1897 322 1982 potieris,
345 1899 466 1981 quanta
487 1895 651 1980 uoluptate
673 1898 856 1983 perfrueris,
879 1920 950 1964 oum
1019 1919 1070 1962 em
1084 1917 1110 1957 so

100 1982 189 2047 huno
216 1981 319 2046 filium
346 1983 452 2065 tunm,
479 1981 534 2064 qui
559 1984 591 2045 te
613 1981 735 2065 primus
764 1986 890 2066 patrem
914 1983 1007 2064 fecit,
1035 1983 1071 2046 iu

101 2066 231 2151 imperii
257 2067 307 2130 tui
335 2064 570 2149 possessionem
602 2066 686 2129 idem
713 2071 819 2149 pater,
851 2066 938 2130 idem
968 2086 1069 2147 socer,

100 2152 188 2217 idem
221 2150 396 2235 imperator
431 2148 622 2214 induxerit?
665 2149 744 2213 haec
777 2155 826 2215 est
857 2153 913 2213 tua
944 2152 1072 2231 praeter

102 2256 215 2301 omnes
243 2235 334 2300 diuos
362 2234 493 2318 propria
526 2233 751 2297 immortalitas
780 2255 876 2318 quam
909 2233 1070 2296 uidemus:

101 2321 188 2385 filius
222 2319 335 2384 similis
368 2321 513 2402 aspectu,
553 2316 666 2381 similis
700 2318 821 2399 animo,
854 2338 913 2399 par
945 2316 1070 2398 imperii
1083 2335 1109 2375 se

125 2407 271 2470 otestate.
295 2403 471 2469 inciderint
492 2402 567 2466 licet
587 2402 691 2481 nobis,
714 2401 795 2465 nihil
814 2404 923 2464 tamen
944 2399 1070 2464 auferre

101 2428 214 2554 domui
240 2491 313 2552 tuce
343 2488 414 2552 fata
439 2490 623 2571 potuerunt.
673 2507 734 2550 nec
762 2485 958 2550 Maximiano
986 2484 1070 2548 lilius

103 2573 207 2658 qualis
235 2576 272 2638 tu
302 2594 370 2638 eras
397 2592 458 2636 nec
486 2571 699 2637 Constantino
728 2574 819 2655 pater
848 2569 944 2635 deest.
993 2570 1071 2654 quin

104 2659 201 2723 etiam
223 2661 260 2722 ut
281 2658 430 2722 omnibus
457 2656 560 2721 modis
582 2659 639 2721 tua
661 2654 863 2721 necessitudo
886 2656 1069 2737 renouetur,
1137 2669 1140 2674 ’

103 2764 213 2807 rursus
228 2741 282 2807 hie
300 2763 400 2823 socer,
423 2761 531 2804 rursus
546 2740 600 2805 hie
619 2761 720 2889 {aner
736 2744 793 2823 est,
817 2744 855 2803 ut
868 2739 1068 2803 beatissimus
1082 2757 1107 2797 eo

103 2828 279 2912 imperator
300 2847 425 2909 semper
447 2846 486 2888 ex
507 2829 562 2888 tua
584 2845 619 2889 so
642 2824 692 2889 ole
714 2824 884 2907 nepotibus
906 2826 1069 2906 augeatur.

174 3001 187 3049 1
206 2998 315 3062 syllana
333 2998 384 3046 cv
403 2997 523 3060 syillana
541 2997 575 3044 W
592 2995 727 3046 sillouaA
745 2992 920 3058 aileranus
938 3008 1071 3042 memora-

104 3065 161 3129 bile
179 3081 261 3130 quam
279 3062 353 3130 ΔΙΙ3
371 3080 464 3115 omnes
477 3076 502 3113 v
514 3061 524 3128 ΙΙ
538 3066 568 3112 11
588 3079 640 3128 quo
658 3061 776 3128 1101113
794 3063 972 3113 uictoriarum
990 3060 1069 3110 AW:

102 3134 251 3185 uictoriam
262 3133 348 3193 Bere,
366 3148 414 3182 om.
426 3133 446 3180 B
459 3133 476 3179 0
489 3132 511 3178 V
523 3129 533 3195 ll
547 3133 577 3180 11
590 3127 672 3196 haec]
686 3130 739 3180 hoc
751 3131 803 3179 BV
820 3128 824 3194 Ι
839 3144 918 3179 curru
934 3142 971 3176 w:
990 3143 1072 3178 curru

103 3206 133 3253 et
150 3203 247 3264 Μὴ
267 3216 301 3250 on
317 3215 399 3250 curru
417 3202 468 3249 en?
481 3195 492 3263 ΙΙ
511 3201 542 3249 18
560 3198 668 3248 uicinos
686 3200 762 3248 edd:
780 3198 871 3247 uicino
889 3197 916 3244 11
932 3194 942 3259 ΙΙ
961 3198 991 3246 19
1010 3196 1070 3246 celo

100 3271 265 3320 inuectnrns
274 3283 298 3316 w
311 3266 321 3334 ΙΙ
333 3270 367 3319 10
377 3268 493 3331 potieris
503 3282 564 3329 epo:
574 3266 677 3331 poteris
686 3266 735 3314 BV
746 3266 923 3330 potirisdcw
935 3261 945 3328 ΙΙ
958 3266 989 3313 21
1000 3263 1072 3313 fecit

102 3338 133 3386 in
144 3337 233 3391 Bere:
246 3337 313 3387 fecit
325 3335 387 3384 AW
399 3351 444 3385 om.
457 3335 478 3383 B
489 3336 506 3381 c
516 3335 539 3381 V
553 3332 557 3397 1
573 3329 626 3400 tui]
640 3348 686 3384 om.
698 3331 721 3381 A
732 3333 761 3382 in
770 3335 804 3382 W
815 3330 825 3396 11
838 3333 871 3382 25
884 3332 943 3380 sim.
956 3340 1071 3394 aspectu

102 3421 151 3456 om.
170 3405 204 3452 W
219 3402 229 3469 ΙΙ
246 3406 279 3455 29
298 3407 443 3454 renouetur
460 3403 480 3450 B
493 3403 511 3449 0
524 3402 546 3448 V
557 3414 593 3453 w:
615 3405 772 3451 renouetur
789 3401 811 3448 Δ
829 3397 839 3463 n
860 3401 892 3449 30
911 3413 1005 3448 rursus
1023 3397 1070 3446 hic

103 3488 185 3525 socer
202 3488 249 3526 om.
267 3471 290 3520 A
