2294 3780
373 158 541 209 ruarmo
560 160 595 214 n.
615 161 724 211 ae-ae.
989 161 1031 224 33

64 306 205 370 nominis
232 308 336 370 nostri
363 307 484 371 inesset
511 311 547 371 ut
573 307 754 373 Romanam
782 310 944 374 ciuitatem
967 333 1033 375 non

65 391 236 454 uicesimae
272 391 366 454 modo
402 414 512 456 uerum
549 393 647 457 etiam
683 393 877 457 affinitatum
914 394 1032 458 damno

65 476 147 539 bene
171 476 370 559 compensari
392 479 558 561 putarent,
588 477 642 541 sed
664 477 715 541 his
737 478 875 541 maxime
897 478 1034 543 debebat

64 560 210 642 gratuita
233 560 419 644 contingere
443 583 461 623 a
484 561 598 644 quibus
621 566 688 625 tam
711 583 829 646 magno
845 563 1032 627 aestimaba-

62 648 126 706 tur.
173 644 272 727 igitur
294 647 386 728 pater
407 649 481 708 tuus
503 646 611 709 sanxit
631 648 667 709 ut
689 647 772 728 quod
796 668 833 710 ex
856 649 968 710 matris
991 648 1057 712 ada

62 727 193 812 liberos,
222 750 260 792 ex
287 728 461 793 liberorum
490 730 583 793 bonis
601 731 801 812 peruenisset
824 732 863 794 ad
886 736 1030 814 matrem,

63 813 190 876 etiamsi
215 813 445 894 cognationum
472 814 541 877 iura
563 835 629 877 non
657 816 863 898 recepissent,
894 837 964 879 cum
988 818 1030 880 oi·

61 897 196 960 uitatem
230 897 490 980 adipiscerentur,
526 898 593 961 eius
620 899 805 962 uicesimam
835 922 876 963 ne
905 900 1029 964 darent.

64 980 198 1044 eandem
218 981 458 1045 immunitatem
480 982 515 1045 in
536 983 679 1065 paternis
703 984 795 1047 bonis
817 983 884 1048 filio
908 985 1029 1066 tribuit,

62 1065 90 1128 si
119 1066 211 1129 modo
239 1065 389 1130 reductus
418 1069 501 1130 esset
527 1067 561 1130 in
584 1067 686 1150 patris
708 1070 912 1151 potestatem,
941 1072 1030 1132 ratus
1045 1091 1069 1128 lo

61 1149 207 1232 improbe
230 1152 263 1213 et
283 1150 461 1214 insolenter
479 1171 515 1214 ac
537 1172 639 1233 paene
661 1152 757 1234 impie
780 1151 830 1215 his
845 1153 1030 1216 nominibus

61 1233 162 1296 inseri
183 1234 388 1316 publicanum
410 1257 469 1298 nec
492 1235 561 1298 sine
583 1235 710 1317 piaculo
734 1235 872 1319 quodam
895 1237 1029 1299 sanctis·

61 1317 160 1380 simas
201 1319 452 1382 necessitudines
494 1319 583 1382 uelut
624 1319 841 1382 intercedente
878 1320 1030 1382 uicesima

61 1401 184 1485 scindi,
211 1403 336 1466 nullum
363 1404 448 1466 tanti
476 1424 545 1467 esse
572 1403 713 1487 uectigal
742 1403 825 1486 quod
853 1404 969 1466 liberos
992 1424 1028 1468 ac

60 1489 211 1569 parentes
232 1487 355 1550 faceret
377 1491 553 1550 extraneos
1041 1508 1066 1550 ro

128 1569 310 1634 XXXVIII.
347 1569 510 1635 Hactenus
532 1571 603 1634 ille:
626 1571 754 1653 parcius
775 1572 911 1636 fortasse
934 1594 1029 1655 quam

60 1653 170 1717 decuit
196 1655 354 1737 optimum
379 1655 570 1738 principem,
600 1655 654 1719 sed
682 1677 748 1719 non
777 1656 904 1738 parcius
932 1678 1029 1738 quarn

63 1739 221 1821 optimum
243 1742 379 1822 patrem,
403 1740 457 1822 qui
472 1741 623 1821 optimum
643 1738 852 1822 adoptaturus
874 1739 934 1802 hoe
951 1760 1029 1823 quo·

61 1843 122 1905 que
155 1823 297 1905 parentis
333 1823 605 1907 indulgentissimi
637 1823 716 1887 fecit
754 1824 837 1906 quod
867 1824 1028 1888 delibasse

59 1907 216 1989 quaedam
238 1929 295 1971 seu
317 1908 423 1990 potius
446 1907 680 1971 demonstrasse
703 1910 874 1971 contentus
902 1908 1028 1992 largam
1041 1930 1066 1969 so

59 2011 99 2053 ac
121 2011 222 2074 prope
243 1992 398 2055 intactam
419 1992 501 2055 bene
522 1992 662 2055 faciendi
690 1993 856 2056 materiam
883 1992 949 2055 filio
981 2015 1028 2056 re-

59 2075 211 2138 seruauit.
250 2076 360 2139 statim
396 2097 472 2159 ergo
504 2077 628 2139 muneri
665 2080 731 2139 eius
764 2075 939 2139 liberalitas
973 2080 1029 2138 tua

59 2160 197 2222 astruxit
223 2162 274 2242 ut,
305 2160 569 2242 quemadmodum
597 2160 632 2222 in
660 2160 759 2241 patris
787 2160 885 2239 filius,
920 2159 965 2220 sio
993 2160 1027 2222 in

59 2243 240 2307 hereditate
261 2244 320 2307 filii
342 2249 433 2327 pater
455 2248 538 2308 esset
563 2243 715 2306 immunis
743 2263 802 2305 nec
824 2241 934 2304 eodem
961 2263 1026 2304 mo-

58 2331 171 2391 mento
193 2349 256 2411 quo
277 2331 368 2411 pater
390 2349 458 2392 esse
480 2328 613 2391 desisset
637 2325 699 2389 hoo
721 2346 844 2409 quoque
868 2325 1065 2389 amitteretur

61 2413 149 2494 quod
170 2412 292 2476 fuisset.
327 2413 465 2498 egregie,
490 2412 615 2488 Caesar,
640 2410 722 2493 quod
746 2409 892 2473 lacrimas
913 2430 1027 2492 paren-

58 2501 130 2559 tum
159 2497 334 2580 uectigales
364 2518 430 2560 esse
463 2518 528 2560 non
557 2496 685 2578 pateris
737 2495 823 2558 bona
851 2493 908 2557 filii
937 2497 1027 2576 pater

59 2581 130 2643 sine
158 2581 375 2644 deminutione
406 2581 567 2663 possideat
600 2601 659 2644 neo
693 2579 812 2643 socium
839 2578 1026 2643 hereditatis

59 2665 199 2747 accipiat
226 2666 280 2748 qui
306 2685 373 2728 non
400 2665 499 2728 habet
519 2665 641 2728 luctus:
670 2685 765 2728 nemo
799 2666 960 2726 recentem
994 2667 1027 2726 et

58 2749 231 2812 attonitam
254 2750 425 2813 orbitatem
448 2750 487 2812 ad
511 2748 780 2830 computationem
804 2750 897 2810 uocet
919 2751 1025 2830 cogat·
1039 2767 1065 2807 aa

58 2854 120 2915 que
142 2836 268 2915 patrem
282 2834 357 2916 quid
371 2833 535 2916 reliquerit
557 2832 640 2895 filius
656 2832 747 2895 scire.
785 2851 897 2914 augeo,
920 2835 1026 2912 patres

58 2917 243 3000 conscripti,
266 2918 421 3001 principis
443 2939 569 2999 munus,
592 2938 664 2980 eum
684 2915 818 2979 ostendo
841 2913 1026 2978 liberalitati

129 3143 143 3188 1
162 3140 268 3190 inesset
285 3155 332 3189 om.
345 3141 377 3186 W
389 3137 427 3203 113
446 3138 567 3188 debebat
585 3140 674 3190 om.W
692 3140 718 3187 in
735 3152 789 3188 ros.
810 3139 826 3185 3
845 3138 892 3186 litt.
907 3134 946 3201 114
964 3153 1026 3202 gra·

58 3207 129 3256 tuito
149 3208 167 3254 0
186 3204 195 3271 11
213 3209 245 3257 10
263 3206 392 3257 redactus
412 3206 527 3256 Cuiacius
545 3206 596 3259 obs.
616 3206 642 3254 X
660 3208 706 3266 23,
724 3204 836 3255 relictus
856 3219 879 3253 e.
897 3205 914 3253 i.
934 3221 960 3268 p.
980 3220 1025 3269 po·

58 3279 163 3324 testate
181 3275 314 3324 Liuineius
343 3271 353 3338 11
384 3275 416 3322 14
435 3288 496 3324 esse
515 3274 624 3324 cantic
655 3270 664 3337 11
695 3273 726 3322 18
744 3273 876 3337 optimum
899 3273 959 3322 add.
978 3273 1027 3321 Ca-

56 3349 181 3392 tanaeus:
204 3358 250 3392 om.
269 3343 296 3388 n
319 3339 328 3406 11
356 3343 388 3392 19
412 3339 551 3392 delibasse
578 3341 739 3390 Beroaldus:
770 3337 938 3402 deliberasse
961 3341 988 3386 n
1012 3338 1023 3393 ξι

58 3412 91 3458 22
111 3407 188 3474 ergo]
207 3409 291 3471 igitur
307 3411 340 3459 W
356 3406 360 3474 1
375 3409 481 3458 numeri
498 3410 518 3457 B
547 3406 557 3472 11
585 3410 618 3457 25
637 3408 754 3457 desisset
772 3420 807 3454 w:
828 3404 950 3455 dedisset
966 3407 993 3452 n
1012 3406 1023 3467 :j

57 3477 91 3527 28
110 3476 295 3527 diminutione
313 3478 339 3523 n
351 3476 361 3540 1
374 3478 407 3525 29
426 3491 505 3540 quem
523 3491 579 3527 non
597 3475 683 3526 habet
702 3476 807 3538 Lipsius

105 3567 262 3607 Personae.
813 3562 832 3608 ‘d
