2294 3780
69 160 108 211 vt
447 157 664 210 PRAEFATIO.

117 313 175 374 IX.
199 313 267 372 cod.
290 311 607 372 Vindobonensis
640 313 681 370 46
710 312 836 371 membr.
867 306 928 391 (u)
965 331 1038 389 pan.

197 396 342 456 II-XII
363 396 501 456 Isidorus
522 395 656 474 Hilberg
679 397 817 458 contulit.

132 483 174 541 X.
199 481 266 541 cod.
283 481 585 541 Malatestianus
600 481 678 560 plut.
696 481 745 556 27,
762 482 780 539 5
797 501 828 559 p.
843 480 901 541 sin.
914 479 1039 539 membr.

197 566 343 644 temporis
365 565 516 644 angustiis
533 564 673 626 Gesonae
696 567 922 625 circumuentus
940 583 1040 644 pauca

198 658 318 708 tantum
340 668 413 727 pan.
433 649 515 710 VIII
537 651 639 729 capita
662 650 802 710 conferre
824 651 919 728 potui.

117 735 176 794 XI.
201 734 270 794 cod.
291 734 461 794 Venetus
482 733 706 794 Marcianus
728 735 805 807 436,
836 734 908 793 olim
929 734 1040 794 Bessa-

49 877 51 882 .
199 819 310 889 rionis,
332 817 457 878 membr.
484 815 546 894 (B).
583 819 652 897 ipse
674 819 800 878 contuli.

97 903 174 963 XII.
198 903 265 962 cod.
279 901 528 981 Upsaliensis
550 921 609 962 scr.
631 903 684 964 lat.
704 904 741 963 18
766 904 861 964 chart.
882 898 944 982 (A).
974 903 1039 981 ipse

200 986 326 1046 contuli.

70 1081 234 1150 praeterea
269 1070 357 1130 affuit
392 1071 466 1129 mihi
501 1071 658 1150 exemplar
691 1069 835 1131 editionis
867 1072 1038 1144 Nouianae,

70 1156 154 1234 quod
177 1156 249 1214 olim
272 1154 310 1216 ab
327 1153 444 1215 Ottonc
459 1154 577 1214 Jahnio
597 1174 772 1234 possessum
797 1152 851 1233 [cf.
868 1156 957 1215 catal.
974 1157 1040 1215 eius

69 1238 138 1298 libr.
162 1241 180 1299 I
201 1261 230 1319 p.
256 1236 331 1317 184]
354 1258 437 1299 nunc
458 1240 492 1298 in
513 1237 702 1300 bibliotheca
724 1240 934 1300 uniuersitatis
957 1241 1045 1300 Bon·l

70 1324 176 1384 nensis
205 1332 389 1386 asseruatur.
433 1325 465 1383 in
492 1342 529 1383 eo
551 1323 624 1385 Fra.
647 1326 797 1386 Pithoeus
819 1324 889 1384 libri
911 1325 1040 1385 alicuius

32 1444 35 1449 ·
72 1406 244 1484 Oolbertini
265 1409 415 1469 lectiones
438 1407 613 1469 adnotauit.

133 1492 201 1552 Iam
223 1512 284 1571 quo
308 1493 547 1553 necessitudinis
568 1495 693 1554 uinculo
708 1494 779 1554 libri
802 1514 896 1572 supra
918 1513 1039 1552 enume-

69 1578 128 1636 rati
155 1578 238 1636 inter
264 1594 298 1636 se
320 1585 487 1636 teneantur
514 1577 768 1637 demonstraturis
797 1577 886 1637 nohis
914 1579 947 1635 in
972 1578 1039 1655 ipso

69 1659 162 1720 huius
200 1659 417 1739 disputationis
452 1660 560 1720 limine
595 1661 775 1720 remouendi
811 1669 884 1720 sunt
920 1661 1040 1720 codices

68 1745 271 1804 Durlacensis
292 1744 517 1804 Riccardianus
539 1743 709 1805 Vaticanus
732 1746 813 1803 3461
838 1741 896 1824 (ς),
924 1746 1040 1823 quippe

70 1829 124 1907 qui
138 1829 381 1908 interpolatione
403 1828 467 1888 sint
486 1829 639 1907 inquinati
656 1827 842 1889 foedissima.
869 1829 953 1909 quod
972 1849 1041 1888 cum

69 1933 133 1971 non
157 1911 441 1973 animaduerterent
462 1912 523 1972 uiri
546 1913 642 1986 docti,
672 1915 781 1973 mirum
803 1922 878 1992 quot
902 1914 936 1971 in
959 1932 1040 1972 erro·

69 2016 117 2056 res
146 1997 180 2055 in
207 1997 371 2058 uerborum
401 2006 548 2057 contextu
574 1997 790 2059 constituendo
820 1999 941 2076 delapsi
968 2000 1040 2058 sint.

69 2082 157 2141 mitto
180 2081 367 2141 Arntaenios
397 2090 428 2141 et
449 2081 638 2160 Jaegerum:
675 2081 754 2142 illud
776 2102 839 2142 non
862 2083 965 2142 mirari
988 2102 1040 2141 ne-

71 2184 161 2244 queo,
185 2166 238 2226 uel
259 2166 399 2225 Keilium
421 2185 458 2225 eo
480 2184 578 2244 usque
600 2167 786 2245 processisse
807 2176 842 2225 ut
856 2166 1040 2225 Uaticanum

70 2251 153 2310 3461
177 2259 333 2329 tamquam
361 2250 486 2310 criticae
508 2249 698 2311 factitandae
726 2249 964 2310 fundamentum
986 2270 1040 2328 po·

71 2343 174 2407 neret,
214 2355 282 2395 cum
311 2344 414 2395 tamen
447 2335 697 2413 interpolationis
729 2335 818 2413 signa
846 2334 1041 2413 apertissima

71 2418 124 2478 ille
147 2439 222 2496 prae
244 2438 278 2478 se
301 2419 389 2478 ferat.
418 2420 486 2497 quis
510 2421 600 2492 enim,
625 2440 693 2478 cum
715 2439 763 2478 ex.
786 2439 830 2496 gr.
850 2418 1040 2498 pamVIItl

69 2499 167 2561 uerba
189 2504 223 2562 in
244 2502 332 2560 libris
355 2503 484 2581 integris
506 2504 620 2562 leniter
645 2513 788 2582 corrupta
816 2504 888 2562 ‘ianr
910 2523 951 2562 ne
973 2523 1041 2581 pro-

71 2587 121 2645 cul
136 2586 262 2664 quidem
276 2585 420 2645 Rhenum
442 2584 561 2646 audetis
580 2588 735 2648 attollere'
758 2587 840 2647 hunc
861 2587 895 2644 in
917 2587 1041 2646 modum

71 2670 235 2730 ridiculum
261 2669 295 2727 in
318 2687 335 2738 ς
362 2678 498 2730 correcta
526 2671 642 2732 ‘oculos
671 2673 792 2733 audetis
815 2671 969 2731 attollere'
997 2673 1041 2729 ui-

71 2753 144 2814 deat
166 2763 220 2813 aut
233 2774 307 2833 pan.
322 2754 355 2812 X
371 2754 410 2813 23
433 2754 529 2815 uerba
543 2755 657 2816 tradita
678 2755 778 2816 ‘iuxta
794 2755 1041 2834 magnitudinem

70 2838 258 2898 exanclandi
281 2838 394 2916 operis'
417 2838 475 2897 hac
489 2858 588 2918 praua
610 2841 786 2900 coniectura
808 2840 873 2910 ing
893 2849 1041 2918 temptata

71 2942 138 2982 esse
171 2931 206 2981 ut
238 2942 294 3001 pro
323 2923 533 2984 ‘exanclandi’
566 2923 766 2985 substitutum
798 2925 839 2983 sit
867 2924 1039 2995 ‘audendi’‚

70 3008 154 3085 quis,
179 3007 321 3085 inquam,
351 3008 405 3085 qui
426 3006 503 3068 haec
524 3007 645 3082 uideat,
674 3030 738 3068 non
759 3009 862 3068 statim
885 3007 924 3068 de
945 3010 1041 3067 inter·

70 3091 210 3170 polatore
232 3090 308 3150 mihi
330 3091 502 3152 concedet?
525 3101 557 3153 et
575 3093 652 3153 haec
667 3093 792 3172 quidem
815 3092 876 3153 duo
900 3093 1042 3172 exempla

71 3195 110 3236 ex
132 3175 301 3236 innumeris
323 3195 465 3255 promere
493 3177 613 3238 sufficit.
657 3180 701 3238 ita
729 3185 831 3238 autem
857 3178 891 3236 in
916 3178 1041 3237 uniuer-

70 3279 137 3319 sum
164 3258 303 3321 codicum
330 3261 530 3322 Durlacensis
558 3261 756 3323 Ricoardiani
778 3261 925 3321 Vaticani
958 3262 1040 3321 3461

69 3345 220 3405 lectiones
249 3346 454 3425 interpolatae
489 3348 687 3407 consentiunt
719 3355 753 3405 ut
781 3346 819 3404 ab
849 3366 912 3405 nna
943 3347 1041 3423 stirpe

68 3438 134 3489 ¹non
149 3431 331 3509 prouenisse
354 3439 520 3509 nequeant.
549 3430 633 3492 felici
655 3439 757 3491 antem
779 3448 851 3490 casu
873 3430 948 3490 mihi
968 3449 1040 3488 con-
