2294 3780
277 156 534 211 CONSTANTINO
553 159 731 212 AUGUSTO.
751 163 859 212 12-14.
993 160 1050 224 191

79 308 235 394 perfecta,
260 309 451 373 celebranda
474 312 557 374 sunt.
582 309 638 373 illa
660 311 746 374 enirn
770 312 882 394 quinto
897 331 983 375 essese
1005 313 1052 374 in·

80 395 223 479 cipiente
251 396 400 478 suscepta
428 395 575 458 omnibus
605 395 733 479 populis
761 396 829 459 iure
857 396 1050 478 communia,

79 479 178 543 nobis
198 477 277 542 haec
292 479 423 562 propria
445 500 526 561 quae
541 477 637 562 plena
660 482 743 543 sunt.
770 479 934 563 praeclara
949 479 1053 543 fertur

81 562 217 630 Catonis
239 563 342 626 oratio
365 563 403 627 de
419 563 513 626 lustri
535 563 585 626 sui
600 562 763 627 felicitate.
789 565 853 627 iam
867 567 946 627 tunc
967 564 1052 627 enim

80 649 117 712 in
144 647 201 711 illa
225 651 333 711 uetere
360 647 547 731 republica
575 647 615 710 ad
638 669 807 712 censorum
829 649 956 712 laudem
982 669 1078 732 per-s

81 732 219 814 tinebat,
234 732 260 795 si
277 732 413 796 lustrum
428 731 506 795 felix
524 731 752 816 condidissent,
769 734 796 797 si
811 734 925 797 horrea
940 734 1052 797 messis

81 815 260 964 ifpnplepppt,
283 816 503 965 siilhiledil
516 816 739 965 redppdassep,
763 819 791 881 si
806 817 1053 967 plpuitasdlapga

82 922 304 1070 iffigeffiap
326 922 547 1050 tuaelustrdl
580 923 970 1069 lnddddllqisgdalicdililld
987 923 1053 1051 frid

82 1091 163 1155 gum
186 1069 320 1135 cessarit
334 1070 473 1149 ubertas
497 1071 603 1135 fecisti
618 1074 727 1135 tamen
742 1075 778 1135 ut
792 1072 900 1135 omnia
915 1072 1053 1157 largiora
1066 1094 1091 1134 10

81 1154 251 1219 uideantur
272 1154 372 1218 fuisse
394 1176 490 1238 quam
511 1155 643 1219 fuerint.
681 1156 770 1219 ualet
791 1156 878 1220 enim
900 1177 959 1219 nos
981 1160 1051 1219 tan-

80 1244 151 1303 turn
166 1238 316 1303 habuisse
337 1243 492 1322 quantum
514 1239 628 1304 debere
644 1240 831 1324 desinimus3
854 1240 941 1303 ualet
956 1241 1052 1322 plena

80 1324 181 1389 fuisse
203 1323 332 1402 horrea,
362 1324 473 1408 plenas
502 1324 612 1406 cellas,
641 1345 713 1388 cum
740 1324 776 1387 in
797 1323 895 1387 nullis
920 1325 1052 1406 reliquis

81 1408 279 1473 haereamus
325 1408 385 1472 hoc
406 1410 499 1473 nobis
522 1412 571 1472 est
591 1408 654 1471 ista
676 1408 806 1492 largitio
813 1457 821 1489 ,
846 1408 930 1491 quod
953 1408 1053 1471 Terra

81 1496 187 1558 mater
212 1492 359 1639 inopum,
394 1493 477 1576 quod
505 1493 650 1576 Iuppiter
677 1493 859 1556 moderator
887 1512 1091 1557 ennaremus

82 1578 234 1662 quicquid
257 1579 268 1640 i
294 1599 449 1661 sparc1us
472 1578 635 1661 dederant,
659 1578 752 1641 nobis
774 1581 881 1641 tamen
905 1600 942 1641 ex
958 1578 1052 1641 bene·

81 1662 157 1727 ficio
179 1665 234 1725 tuo
258 1667 387 1726 anctum
410 1666 468 1726 est.

147 1744 236 1810 XIV.
266 1745 431 1821 Quaenam
454 1750 523 1811 toto
545 1746 621 1810 orbe
642 1751 799 1811 terrarum
821 1748 888 1811 auri
912 1746 1052 1831 argenti-

81 1853 146 1980 puc
180 1830 311 1894 metalla
344 1834 410 1894 tam
445 1831 537 1916 larga
571 1835 661 1915 sunt,
697 1832 768 1916 quis
801 1831 908 1917 Tagus
942 1831 1053 1916 quisue

112 1915 232 1979 aetolus
259 1918 352 1978 tanto
381 1915 473 1980 fiuxit
501 1937 577 1980 auro
605 1921 761 2000 qnantum
783 1917 973 1981 liberalitate
997 1920 1091 1980 tuaac

84 2000 249 2065 consecuti
265 1999 396 2064 sumus?
419 2001 589 2065 nonenim
610 2002 740 2065 maioris
762 2006 810 2065 est
831 2003 973 2066 muneris
996 2001 1052 2064 abs

82 2090 117 2149 tc
145 2085 315 2167 accepisse.
360 2085 438 2167 quin
466 2087 565 2150 immo
594 2088 714 2167 quanto
740 2088 789 2148 est
811 2084 919 2148 durius
950 2088 1053 2147 extor-

106 2169 176 2233 ueri
198 2168 280 2253 quod
294 2170 459 2252 proprium
474 2169 572 2234 fuerit
586 2190 681 2251 quarn
703 2190 769 2231 non
790 2170 951 2251 acquirere
971 2166 1053 2247 quod

83 2191 184 2317 luerit
210 2252 366 2337 alienum,
400 2257 492 2318 tanto
521 2253 643 2318 dulcior
671 2255 719 2316 est
746 2253 880 2314 remissa
908 2250 1052 2314 soluendi

83 2337 258 2402 necessitas
281 2359 376 2421 qnam
398 2338 543 2402 lucrandi
565 2340 677 2422 optata
700 2336 917 2401 commoditas.
956 2356 1053 2418 quam
1066 2355 1092 2395 as

82 2422 193 2505 multi,
221 2422 396 2505 imperator
416 2425 577 2507 Auguste,
607 2442 686 2520 quos
708 2421 819 2503 inopia
841 2419 968 2484 latitare
997 2440 1054 2503 per

84 2506 186 2571 saltus
210 2507 384 2571 autetiam
407 2508 440 2570 in
464 2507 593 2571 exilium
615 2527 661 2570 rre
685 2504 895 2591 compulerat,
921 2506 984 2568 ista
1006 2525 1054 2568 re·

83 2591 239 2655 missione
267 2592 326 2655 reli
349 2613 460 2655 uorum
493 2592 528 2655 in
556 2592 659 2656 lucem
689 2593 822 2674 exeunt,
855 2591 889 2654 in
916 2590 1054 2674 petriam

83 2678 302 2757 reuertuntur,
327 2613 478 2740 desinunt
498 2675 670 2760 pristinam
694 2697 842 2740 accusare
859 2676 1054 2759 pauperiem,

85 2760 239 2824 desinunt
260 2760 363 2824 odisse
392 2781 543 2845 agrorum
565 2782 694 2824 suorum
720 2761 937 2839 sterilitatem,
967 2781 1054 2823 resu-
1067 2777 1093 2819 so

154 3020 168 3067 1
194 3017 291 3082 quinto
313 3032 384 3066 anno
406 3018 513 3080 scripsi:
543 3017 639 3081 quinto
657 3018 685 3064 Μ
704 3015 776 3066 Bert.
802 3013 920 3080 (quanto
939 3011 969 3076 0)
1000 3012 1010 3078 ll
1040 3015 1056 3063 6

85 3084 257 3136 condidisset
274 3086 302 3132 Π
331 3082 341 3149 ΙΙ
372 3086 442 3150 lsq.
465 3082 568 3134 olineta
589 3083 829 3147 l.flnxissent11,
856 3099 924 3136 corr.
944 3083 1055 3132 Ritters·

83 3154 171 3204 usus
200 3150 211 3218 ll
239 3151 362 3203 illustro
381 3156 486 3202 alterum
503 3167 549 3200 om.
566 3151 587 3199 B
607 3153 623 3199 0
640 3152 664 3198 V
690 3154 694 3212 Ι
720 3151 770 3202 illa
786 3153 895 3216 scripsi:
918 3150 994 3200 nulla
1013 3152 1055 3210 13

84 3238 119 3271 aa
137 3222 287 3271 delendum?
314 3218 391 3270 nulla
413 3221 486 3283 frug.
506 3219 597 3270 bearit
618 3220 662 3269 ub.
681 3219 890 3284 Eyssenhardtus
919 3216 929 3283 ΙΙ
960 3221 991 3268 12
1010 3217 1056 3268 de·

84 3289 201 3339 sinimus
218 3290 241 3336 Δ
259 3290 318 3342 edd.
336 3287 347 3353 ΙΙ
365 3290 396 3338 17
415 3292 525 3337 anctum
542 3288 651 3352 scripsi:
670 3294 764 3336 natum
781 3289 809 3335 Μ
824 3285 834 3352 ΙΙ
855 3288 887 3336 21
907 3283 962 3352 est]
982 3289 1056 3335 esset

84 3357 217 3407 Puteanus
245 3353 256 3420 l
285 3357 318 3405 22
342 3359 444 3421 quanto
464 3357 538 3407 edd:
564 3357 642 3404 tanto
660 3355 686 3402 M
716 3352 726 3418 ΙΙ
756 3357 787 3405 ’27
810 3356 850 3404 ire
875 3369 962 3416 comp.
981 3355 998 3400 0
1017 3364 1054 3400 w:

85 3439 203 3489 recomp.
222 3425 250 3471 Ι
280 3421 290 3488 ll
319 3422 756 3475 29desinnntw:desinsnt1
782 3419 801 3487 ll
825 3424 861 3472 so
878 3420 1077 3470 sessum„

86 3492 215 3542 desinant
231 3491 259 3538 Η
