2294 3780
449 147 665 198 PRAEFATIO.
1005 146 1046 199 XI

73 300 291 376 prouenerint,
320 299 412 359 fidem
435 302 558 360 omnino
584 301 728 380 denegat.
774 320 865 379 quem
887 310 988 360 tamon
1012 301 1045 360 id

73 384 177 462 ipsum
200 381 282 463 qnod
297 384 516 463 supplementa
536 385 618 444 illius
641 389 673 445 in
689 406 761 464 pan.
778 385 922 445 II-XII
937 394 1045 464 postea

73 487 93 524 a
113 468 261 527 Liuineio
285 488 343 546 ope
366 466 437 527 libri
452 468 657 530 Bertiniensis
680 470 857 548 saepissime
879 479 951 529 sunt
973 489 1044 528 con-

71 553 195 611 firmata
227 572 246 610 a
273 551 328 610 tali
360 552 474 613 iudicio
510 553 617 614 debuit
645 553 811 615 deterrere.
861 573 1046 633 quamquam

73 656 152 695 saue
174 637 276 696 fateor
298 636 383 695 aliud
406 657 473 698 esse
495 640 528 697 in
551 640 729 698 uniuersum
753 638 936 713 concedere,
959 639 1045 698 aliud

73 723 107 778 in
137 721 268 799 singolis
296 720 372 781 locis
406 740 528 800 semper
556 723 632 800 quid
662 722 870 802 Cuspinianus
905 742 943 781 ex
974 742 1044 782 con·

74 806 194 864 iectura
224 805 300 884 quid
328 825 366 864 ex
394 805 480 866 libris
509 809 646 885 posuerit
679 816 763 867 certo
792 806 976 883 diiudicare;
1012 808 1046 866 id

73 888 160 968 qnod
182 909 239 968 ego
262 892 330 968 ipse
353 891 387 948 in
401 889 497 950 Plinii
519 893 659 951 oratione
682 891 882 964 recensenda,
905 891 1045 950 nondum

72 973 154 1032 libro
171 976 286 1052 optimo
302 974 329 1032 A
344 974 477 1048 adiutus,
494 975 672 1054 plenissime
688 995 755 1036 sum
770 985 925 1056 expertus,
941 995 1045 1055 quam·

73 1060 122 1118 uis
144 1058 210 1129 iarn
220 1066 285 1118 tum
307 1061 383 1119 satis
406 1060 480 1119 mihi
503 1066 658 1120 constaret
673 1060 863 1140 (laspiniano
888 1061 1045 1139 egregium

73 1143 210 1222 aliquem
222 1144 359 1203 codicem
371 1144 504 1204 affuisse.
525 1144 615 1204 huius
627 1152 728 1204 autem
739 1145 924 1205 simillimum
933 1144 1046 1203 librum

74 1228 214 1306 possedit
240 1228 377 1288 Ioannes
404 1227 579 1288 Schefferus
613 1231 743 1308 eiusque
777 1232 811 1288 in
845 1231 960 1307 optima
989 1248 1045 1287 sna

74 1312 237 1371 Pacatiani
260 1313 442 1392 panegyrici
464 1311 602 1372 editione
627 1312 738 1389 (altera
751 1313 899 1391 Upsaliae
917 1335 945 1372 a.
963 1313 1044 1371 1668

75 1397 187 1456 emissa
207 1393 289 1472 utor)
312 1397 507 1475 saepiuscule
528 1399 717 1457 mentionem
732 1398 848 1458 iniecit.
875 1398 959 1456 cuius
974 1395 1046 1454 libri

75 1480 297 1560 praestantiam
323 1481 474 1560 simulque
506 1481 567 1540 mei
595 1488 762 1561 apparatus
793 1482 890 1541 critici
910 1480 1046 1540 infidam

74 1573 219 1625 naturam
234 1584 303 1624 eum
318 1566 486 1644 aliquando
502 1566 618 1626 otiosus
633 1587 749 1627 meeum
765 1574 949 1645 reputarem,
967 1565 1046 1624 forte

72 1651 249 1729 suspicatus
272 1669 339 1708 sum
353 1668 509 1728 -paene
533 1659 634 1711 autern
655 1651 728 1710 mihi
749 1651 817 1730 ipse
832 1651 948 1710 irascor
963 1648 1045 1727 quod

73 1744 140 1794 tarn
167 1733 251 1793 bona
278 1735 412 1812 suspicio
440 1742 501 1794 tam
528 1754 597 1794 sero
628 1736 660 1793 iu
688 1744 821 1794 mentem
849 1735 950 1807 uenit;
985 1735 1045 1793 iarn

74 1819 158 1878 enim
185 1817 333 1877 Pliniana
364 1819 460 1878 oratio
493 1817 655 1879 exercebat
686 1820 772 1898 prela
801 1849 842 1860 -
871 1818 1044 1896 suspicatus

72 1922 152 1976 sum,
171 1904 308 1982 inquam,
326 1901 474 1962 Scheffcri
488 1903 575 1962 illum
591 1903 728 1964 codicem
744 1905 875 1964 fortasse
886 1902 1043 1980 Upsaliae,

72 1987 130 2046 ubi
144 1986 198 2047 ille
214 1987 296 2047 diem
311 2006 486 2065 supremum
502 1986 622 2055 obierit,
646 1989 747 2048 adhuc
763 1988 925 2047 asserueri.
954 1986 1044 2045 facile

74 2071 196 2132 adduxi
209 2071 249 2130 A.
264 2072 418 2131 Klettinm
432 2079 467 2130 ut
482 2090 519 2130 ea
536 2071 575 2130 de
590 2091 624 2131 re
638 2072 798 2151 Upsaliam
812 2072 931 2130 litteras
949 2069 1044 2130 daret.

72 2176 149 2216 mox
161 2174 311 2234 responso
327 2164 455 2233 accepto
471 2175 519 2215 me
534 2157 730 2216 coniecturae
745 2177 809 2215 non
825 2155 936 2214 falsum
950 2154 1045 2213 fuisse

74 2241 189 2299 certior
210 2240 260 2299 fio.
288 2249 351 2299 tum
374 2259 448 2299 uero
472 2241 611 2300 eiusdem
625 2241 739 2300 Klettii
760 2238 913 2298 industria
935 2257 970 2295 ac
993 2258 1045 2296 na-

72 2325 172 2383 uitate
196 2331 226 2382 et
246 2322 459 2383 intercedente
481 2344 597 2384 summo
619 2325 741 2402 imperii
757 2322 935 2383 Germanici
953 2323 1046 2398 magi-

73 2415 175 2468 stratu
190 2407 306 2467 factum
322 2415 369 2466 eet
383 2416 426 2481 nt,
443 2417 605 2488 postquam
616 2418 761 2488 quattuor
775 2408 842 2468 fere
853 2427 909 2486 per
924 2425 1045 2466 menses

74 2494 159 2552 inter
184 2511 272 2570 spem
299 2501 476 2570 metumque
500 2493 613 2553 dubius
635 2494 735 2566 lraesi,
764 2494 825 2551 fine
854 2492 968 2551 mensis
987 2491 1045 2549 Fe-

73 2576 191 2636 bruarii
214 2576 245 2635 h.
268 2595 296 2635 a.
324 2576 422 2636 codex
451 2576 604 2636 diuturnis
632 2579 711 2636 notis
741 2578 896 2655 expetitus
920 2575 1046 2635 tandem

72 2663 107 2721 in
129 2680 243 2721 manus
265 2679 350 2722 meas
372 2663 503 2722 ueniret.

140 2743 291 2804 Continet
318 2753 420 2804 autem
447 2745 497 2804 hic
523 2746 616 2817 liber,
649 2747 701 2823 qui
729 2765 757 2803 a.
782 2747 863 2802 1719
890 2751 959 2823 post
980 2743 1045 2803 Ioe.

72 2824 230 2889 Schelleri
261 2838 388 2889 mortem
417 2831 449 2889 in
478 2831 689 2889 uniuersitatis
712 2828 908 2907 Upsaliensis
937 2826 1045 2886 biblio-

70 2914 199 2974 thecam
226 2915 370 2992 peruenit
398 2913 503 2991 ibique
531 2913 587 2974 snb
616 2915 774 2992 signatura
801 2911 878 2971 ‘Ser
902 2912 969 2975 Lat.
996 2912 1046 2969 18⁹

71 3007 269 3069 assernatur,
300 3017 388 3057 ame
412 3006 486 3058 nota
508 2998 535 3056 A
555 2998 736 3076 insignitus,
766 2998 852 3056 uaria
881 3013 977 3073 eaque
1002 2996 1045 3054 di-

70 3101 167 3142 uerso
182 3092 321 3160 tempore
341 3083 502 3142 maximam
517 3081 673 3160 partem*)
694 3101 787 3140 manu
802 3081 931 3140 Ioannis
947 3080 1045 3138 cuius-

123 3299 149 3363 *)
171 3299 208 3349 ab
222 3298 311 3348 altera
324 3314 406 3349 manu
420 3314 508 3364 eaque
520 3300 609 3363 magis
623 3299 769 3363 perspicua
786 3302 814 3347 ct
826 3296 914 3346 nitida
927 3297 1047 3360 scriptas

68 3373 139 3420 sunt
158 3381 206 3432 pp.
226 3368 258 3416 52
276 3365 343 3429 (hoc
362 3371 417 3428 est,
441 3382 466 3415 a.
486 3382 548 3431 pan.
567 3367 580 3416 1
600 3383 623 3416 c.
642 3368 675 3415 55
697 3365 788 3414 uerbis
807 3364 871 3413 ‘sed
891 3364 995 3413 uirtute
1014 3376 1052 3409 ac

69 3431 208 3498 meritis’)
227 3460 260 3469 —
278 3435 351 3487 120⁸.
