2294 3780
103 127 144 191 98
357 127 393 178 11.
430 125 485 178 CL.
504 124 716 177 MAMERTINI
733 123 814 175 PAN.

102 277 235 341 fortuna
257 275 459 360 respondeat.
496 273 727 356 rempublicam
756 272 842 336 enim
870 294 935 336 una
964 275 1073 336 mente

103 361 231 458 regitis,
253 382 357 444 neque
379 359 471 423 uobis
500 361 592 421 tanta
619 359 760 422 locorum
788 356 958 421 diuersitas
981 356 1073 420 obest

103 466 272 530 quominus
305 444 395 508 illam
428 441 529 506 ueluti
557 442 675 506 iunctis
709 440 847 506 dexteris
875 440 1073 525 gubernetis.

102 532 165 614 ita,
195 529 342 612 quamuis
370 527 572 591 maiestatem
597 526 720 611 regiam
748 525 912 609 geminato
939 524 1073 589 numine

76 614 259 697 saugeatis,
285 612 458 675 utilitatem
486 609 613 694 imperii
640 611 691 674 sin
716 609 814 674 ularis
843 609 1072 674 consentiendo

102 697 258 762 retinetis.
289 718 394 780 quare,
416 696 532 760 sinon
554 695 674 759 frustra
725 693 811 758 raeci
833 696 947 777 poetae
968 693 1072 756 homi·

101 781 197 846 nibus
212 780 369 845 iustitiam
385 780 563 845 colentibus
578 779 808 863 repromittunt
826 778 920 841 binos
935 799 1073 875 gregum

101 867 186 930 fetus
209 869 242 929 et
264 864 405 948 duplices
428 864 578 928 arborum
596 862 730 946 fructus,
753 884 840 926 nunc
863 883 972 926 omma
994 883 1072 948 gen-

101 950 187 1014 tibus
202 949 360 1014 uniuersis
375 949 503 1034 gemina
526 947 692 1029 debentur,
717 968 852 1030 quarum
872 968 929 1010 uos
950 947 1073 1011 domini

64 1037 170 1113 rotam
193 1036 304 1098 sancte
326 1033 483 1097 iustitiam
510 1035 543 1096 et
570 1031 771 1096 concordiam
801 1031 914 1096 colitis.
945 1033 981 1094 tu
1003 1032 1071 1114 qui-

102 1118 175 1183 dem
209 1120 311 1200 certe,
345 1118 535 1200 imperator,
571 1119 699 1180 tantum
732 1137 801 1179 esse
832 1116 867 1180 in
902 1113 1073 1180 eoncordia

101 1203 222 1266 bonum
251 1202 368 1266 statuis
396 1203 433 1264 ut
454 1201 551 1265 etiam
577 1222 632 1265 eos
660 1201 714 1283 qui
737 1201 821 1264 circa
849 1203 881 1264 te
903 1199 1072 1283 potissimo

100 1286 281 1384 funguntur
319 1285 425 1349 officio
464 1283 700 1358 necessitudine
737 1285 798 1348 tibi
837 1287 870 1347 et
910 1283 1072 1348 affinitate

102 1370 299 1453 deurnxeriS,
339 1369 373 1434 id
404 1369 654 1454 pulcherrimum
688 1368 863 1432 arbitratus
897 1368 1071 1432 adhaerere

64 1455 195 1519 relatori
222 1458 277 1518 tuo
304 1475 372 1518 non
400 1454 524 1518 timoris
553 1454 723 1537 obsequia,
753 1453 809 1518 sed
835 1456 910 1517 uota
931 1453 1071 1535 pietatis.

101 1558 235 1622 quorum
271 1539 368 1602 ductu
400 1539 560 1621 proxime,
603 1559 676 1601 cum
722 1537 916 1602 felicissimis
954 1536 1071 1601 uestris

101 1623 251 1706 auspiciis
273 1624 449 1702 uterentur,
480 1622 603 1685 lubrica
629 1621 686 1685 illa
713 1621 875 1705 fallaxque
896 1643 977 1768 plens
999 1621 1070 1685 bar-

101 1707 251 1771 barorum
273 1710 310 1770 ut
331 1705 512 1770 merebatur
538 1705 652 1769 affecta
679 1709 737 1769 est.
773 1708 880 1769 uestra
925 1726 990 1790 aec,
1013 1707 1071 1769 im-

101 1794 238 1873 perator,
270 1793 377 1854 uestra
399 1789 468 1853 laus
491 1793 548 1853 est.
585 1811 604 1852 a
624 1790 715 1853 uobis
737 1789 951 1873 proficiscitur
974 1790 1070 1854 etiam

63 1896 89 1933 ro
102 1873 185 1957 quod
208 1895 265 1957 per
287 1873 366 1936 alios
393 1873 641 1938 administratur.
677 1876 714 1936 ut
741 1874 827 1937 enim
855 1873 964 1938 omnia
987 1896 1071 1938 com-

102 1957 195 2020 moda
217 1957 306 2022 caelo
328 1961 476 2042 terraque
503 1963 613 2041 parta,
643 1958 720 2022 licet
747 1959 945 2023 diuersorum
967 1958 1071 2021 numi-

101 2062 180 2106 num
201 2062 261 2125 ope
281 2041 374 2106 nobis
389 2043 560 2125 prouenire
576 2043 755 2126 uideantur,
780 2065 798 2106 a
813 2043 946 2107 summis
961 2045 1071 2106 tamen

102 2127 284 2190 auctoribus
312 2131 458 2210 manant,
492 2127 570 2191 Ioue
601 2131 723 2192 rectore
757 2129 838 2192 caeli
870 2131 902 2192 et
929 2126 1070 2191 Hercule

101 2215 254 2294 pacatore
276 2214 447 2276 terrarum:
475 2213 521 2276 sic
548 2212 697 2276 omnibus
718 2211 941 2295 pulcherrimis
963 2211 1069 2294 rebus,

63 2313 88 2353 rs
102 2296 200 2360 etiam
234 2318 314 2381 quac
347 2297 483 2361 aliorum
519 2297 616 2361 ductu
648 2300 818 2381 geruntur,
847 2295 1070 2360 Diocletianus

100 2380 214 2463 facem,
237 2385 273 2444 tu
294 2381 409 2445 tribuis
433 2381 591 2450 effectum.
627 2383 769 2463 uestrae,
796 2382 944 2464 inquam,
970 2381 1071 2444 fortu-

101 2486 172 2545 nae,
208 2468 334 2528 uestrae
366 2465 532 2530 felicitatis
566 2468 625 2545 est,
664 2466 850 2548 imperator,
886 2465 971 2548 quod
1004 2466 1069 2528 iam

102 2548 220 2610 milites
248 2548 348 2612 uestri
381 2548 422 2612 ad
451 2570 606 2612 oceanum
627 2570 801 2631 peruenere
822 2549 974 2631 uictoria,
1004 2550 1069 2612 iam

103 2651 265 2694 caesorum
286 2631 321 2694 in
342 2631 398 2695 illo
420 2633 516 2696 litore
538 2632 680 2696 hostium
703 2633 892 2718 sanguinem
915 2633 1070 2716 reciproci

64 2714 217 2779 seductus
240 2715 441 2780 sorbuerunt.
901 2780 905 2787 ,

158 2798 232 2862 Xll.
256 2799 339 2875 Quid
359 2820 444 2864 nunc
466 2799 566 2864 animi
583 2799 682 2864 habet
696 2800 751 2864 ille
772 2801 887 2884 pirata,
913 2823 985 2866 eum
1006 2801 1069 2864 fre-

101 2887 169 2947 tum
191 2883 270 2948 illud
297 2905 360 2968 quo
382 2884 450 2948 solo
477 2887 612 2951 mortem
634 2906 724 2949 suam
746 2885 908 2970 hucusque
930 2906 1070 2950 remora-

170 3107 185 3153 3
204 3104 280 3154 illam
297 3108 406 3170 scripsi:
432 3108 515 3156 etiam
532 3107 559 3154 Π
579 3105 582 3171 l
601 3106 689 3157 ueluti
706 3108 810 3158 iunctis
829 3110 975 3158 Liuineius:
993 3108 1071 3157 uelut

102 3171 216 3221 inuictis
228 3174 255 3220 H
267 3170 278 3236 ΙΙ
291 3174 306 3223 5
320 3174 456 3224 unitatem
469 3175 653 3225 Riuersltusius
665 3172 675 3239 ΙΙ
689 3177 703 3225 7
716 3175 795 3225 binos
807 3176 880 3224 Νι
893 3176 979 3226 bonos
991 3176 1011 3225 B
1021 3177 1038 3224 0
1047 3178 1072 3224 V

102 3235 110 3303 ll
129 3241 160 3289 19
173 3239 251 3289 uobis
263 3241 296 3289 W
310 3237 315 3303 Ι
330 3245 359 3290 et
378 3239 450 3303 quod
463 3243 480 3290 0
492 3239 502 3307 ss
515 3244 548 3292 20
560 3241 701 3292 commodo
713 3241 815 3307 Acvll
828 3246 858 3293 21
872 3242 935 3293 luce
949 3243 1035 3292 dinc
1056 3242 1068 3308 Η

101 3307 135 3375 22
148 3321 231 3371 opere
248 3306 323 3358 Bert.
348 3306 358 3372 l
379 3309 412 3359 26
429 3309 519 3358 facem
536 3311 632 3374 scripsi
647 3326 708 3360 mus.
728 3311 805 3361 lites.
825 3310 943 3360 XXVII
959 3328 985 3376 p.
1004 3314 1070 3360 215.-

101 3373 171 3424 facit
188 3374 216 3422 1
235 3387 347 3429 caucam
365 3376 484 3426 Eldr'lriro
506 3381 599 3428 actum
622 3377 835 3442 Eyssenhardtus
858 3375 868 3443 ΙΙ
897 3380 930 3429 28
948 3379 1071 3428 uictores

101 3454 126 3490 w
149 3438 160 3507 ΙΙ
184 3443 216 3493 29
235 3457 321 3506 sung..
343 3444 410 3507 ed
428 3443 448 3492 B
466 3447 484 3493 c
