2294 3780
107 155 170 220 312
433 156 495 206 ΧΗ.
525 152 654 205 PACATI
673 153 752 204 ein.

170 306 270 371 XLV.
319 306 462 370 Pertinet
484 305 523 370 ad
547 304 750 368 securitatem
772 303 913 368 omnium
936 302 1081 367 saeculo—

107 412 178 455 rum
194 391 279 474 quod
302 391 487 455 estfactum
504 389 615 473 uideri,
638 391 684 470 ut,
708 388 825 473 siquis
847 409 998 471 umquam
1020 409 1081 452 ne-

107 477 189 540 faria
218 481 294 540 uota
322 475 519 558 conceperit,
553 473 758 537 monimentis
778 475 967 537 nostrorum
995 474 1079 536 tern-

107 581 219 645 porum
255 561 422 625 recensitis
455 579 512 642 per
543 558 651 622 oculos
683 557 811 621 hauriat
844 556 1075 622 innocentiam.

82 645 248 729 equiequis
276 665 416 728 purpura
442 643 631 727 quandoque
659 642 761 728 regali
786 642 903 705 uestire
926 641 1080 706 humeros

109 730 281 813 cogitabit:
323 728 482 791 Maximus
517 729 546 792 ei
576 729 688 791 exutus
723 729 880 790 occurrat.
931 726 1077 810 quisquis

108 834 220 877 aurum
248 833 451 896 gemmasque
473 812 608 894 priuatis
634 811 767 896 pedibus
795 809 935 895 optabit:
974 809 1077 873 Maxi-

106 918 177 960 mus
206 897 235 960 ei
262 897 381 979 plantis
407 896 502 960 nudis
530 899 693 981 appareat.
738 895 880 978 quisquis
910 895 953 958 im
979 915 1079 958 onere

109 981 207 1064 capiti
223 980 368 1046 diadema
381 981 604 1046 meditabitur:
624 979 771 1044 auulsum
786 978 927 1043 humeris
978 980 1078 1042 axirni

70 1087 96 1126 10
109 1074 206 1149 caput
233 1067 265 1129 et
287 1067 356 1130 sine
383 1065 513 1130 nomine
542 1086 658 1149 corpus
680 1065 824 1148 aspiciat.
870 1065 987 1128 scimus
1009 1066 1078 1147 qui-

108 1150 179 1214 dem
194 1149 275 1214 nihil
290 1171 441 1235 umquam
456 1150 650 1234 nouandum,
667 1170 739 1214 curn
753 1148 934 1213 Romanum
951 1169 1079 1231 semper

107 1236 278 1319 imperium
303 1238 359 1299 aut
372 1238 463 1299 trium
478 1234 620 1298 futurum
636 1235 679 1298 sit
700 1237 755 1297 aut
768 1237 912 1297 tuorum:
934 1234 1081 1315 pertinet

54 1392 58 1398 ¹
87 1323 217 1383 tamen
249 1319 288 1384 ad
315 1320 491 1404 genuinam
518 1320 565 1384 rei
586 1319 732 1403 publicae
760 1318 963 1382 securitatem
991 1319 1078 1401 quod

108 1403 178 1468 fieri
205 1426 270 1467 non
298 1408 406 1487 potest
433 1405 530 1469 etiam
561 1425 628 1468 non
655 1404 771 1467 timeri.
821 1402 876 1466 sed
904 1405 1081 1485 utcumque

71 1507 96 1547 re
109 1488 235 1551 uirtutis
257 1493 332 1552 tuae
359 1510 456 1572 opera
486 1488 628 1554 curiosae
650 1487 849 1572 posteritatis
875 1486 974 1551 oculis
1002 1488 1078 1550 arti-

107 1572 203 1636 ficum
230 1594 345 1636 manus
373 1573 499 1656 reddet,
531 1595 603 1638 curn
623 1575 656 1636 te
683 1571 732 1635 uel
757 1572 888 1655 Alpium
912 1571 1005 1634 dorsa
1027 1594 1080 1635 su·

108 1659 274 1803 parantem
296 1657 348 1721 uel
362 1658 493 1721 flumina
515 1658 642 1722 obiecta
655 1659 875 1720 tranctantem
893 1655 944 1720 uel
959 1677 1079 1740 agmen

132 1741 224 1804 ostile
249 1741 496 1823 triumphalibus
525 1742 671 1824 uestigiis
700 1743 890 1805 atterentem
918 1741 1077 1823 pictorum

110 1827 205 1906 atque
232 1824 378 1887 fictorum
407 1829 593 1909 assequetur
618 1825 772 1890 imitatio:
810 1824 980 1890 clementia
1007 1829 1076 1908 tua,

71 1927 97 1968 ao
109 1908 296 1990 imperator,
314 1929 376 1991 quo
393 1909 490 1991 caelo,
514 1930 576 1992 quo
590 1909 768 1994 pigment0,
792 1932 854 1994 quo
870 1930 941 1974 aere
957 1931 1080 1974 aurona

109 1990 266 2056 ducetur?
303 2013 366 2076 qua
387 1996 423 2057 tu
444 1993 544 2078 ipsius
571 1994 725 2058 uictoriae
747 1995 851 2060 uictor
877 1995 923 2058 ite
948 2016 1078 2060 ornnem

109 2097 180 2140 cum
209 2077 306 2141 armis
334 2077 414 2142 iram
442 2078 618 2163 deposuisti
644 2083 681 2143 ut
708 2079 859 2144 ceciderit
885 2100 980 2143 nemo
1003 2083 1079 2163 post

108 2161 243 2245 bellum,
267 2166 352 2227 certe
374 2183 468 2227 nemo
490 2166 565 2247 post
585 2163 773 2229 Maximum.
818 2165 928 2248 paucis
951 2163 1078 2228 Mauro-

109 2268 180 2310 rum
208 2247 363 2331 hostiurn,
400 2269 479 2331 quos
511 2270 619 2313 secum
654 2248 742 2313 uelut
769 2269 887 2332 agmen
914 2247 1077 2313 infernum

72 2347 97 2389 as
110 2330 280 2395 morituros
312 2331 502 2416 incluserat,
536 2337 569 2397 et
597 2333 718 2397 duobus
752 2355 795 2396 an
827 2332 930 2396 tribus
962 2332 1078 2398 furiosi

110 2414 296 2498 gladiatoris
319 2415 445 2480 lanistis
467 2418 502 2480 in
519 2417 595 2482 belli
618 2417 779 2500 piaculum
802 2417 914 2498 caesis,
936 2416 1080 2500 reliquos

110 2501 214 2563 omnis
242 2501 337 2564 uenia
359 2501 523 2584 complexa
551 2501 641 2565 uelut
662 2502 800 2585 quodam
828 2504 974 2566 materno
1003 2501 1087 2566 sinu·

111 2581 234 2646 clausit.
278 2584 398 2648 nullius
420 2585 506 2649 bona
527 2586 707 2669 publicata,
736 2585 856 2649 nullius
883 2584 1018 2649 multata
1038 2585 1079 2649 li·

108 2664 232 2748 bertas,
259 2667 379 2732 nullius
401 2672 573 2752 praeterita
595 2669 737 2755 dignitas
759 2670 936 2734 imminuta.
981 2690 1080 2734 nemo

71 2767 98 2810 eo
111 2749 244 2816 affectus
258 2754 346 2836 nota,
367 2773 462 2817 nemo
478 2755 623 2819 conuicio
644 2757 699 2819 aut
713 2754 849 2838 denique
864 2754 1079 2838 castigatione

109 2837 298 2982 perstrictus
333 2838 459 2922 culpam
491 2839 606 2924 capitis
637 2839 761 2903 aurium
790 2839 895 2902 saltim
928 2838 1079 2904 molestia

122 2919 180 2984 uit.
232 2923 340 2988 cuncti
373 2923 519 2988 domibus
553 2923 634 3006 suis,
674 2922 782 2988 cuncti
816 2923 1005 3007 coniugibus
1040 2944 1079 2989 ac

177 3145 354 3194 drocensetls
366 3145 419 3193 AV
436 3142 446 3209 ΙΙ
463 3147 479 3195 6
493 3146 637 3209 cogitabat
649 3147 671 3194 A
688 3143 698 3211 ΙΙ
716 3148 732 3197 8
747 3145 828 3206 nudis
841 3146 930 3205 Bere.-
948 3146 1038 3196 nudus
1050 3148 1079 3196 Μ

109 3206 118 3276 ll
145 3213 177 3263 13
194 3211 332 3277 geminam
349 3212 385 3277 Π,
404 3215 510 3264 correct·
532 3211 542 3279 n
567 3215 599 3263 14
617 3218 646 3263 et
663 3215 719 3263 iam
735 3215 759 3263 Δ
774 3212 778 3276 Ι
798 3217 945 3278 utcumque
962 3215 983 3262 B
1002 3216 1020 3262 0
1038 3227 1079 3263 w:

108 3282 254 3346 utrumque
272 3281 295 3329 A
307 3279 329 3328 V
346 3284 377 3329 nt
397 3281 494 3344 cuique
506 3280 579 3332 Bert.
595 3279 606 3345 ΙΙ
624 3283 656 3331 15
674 3296 787 3345 operam
799 3283 827 3329 Ι
842 3279 853 3346 ll
871 3284 901 3331 17
921 3288 1080 3333 tranantem

110 3345 173 3396 Ν
189 3345 200 3413 'J
222 3350 253 3398 19
271 3352 322 3398 tna
339 3348 402 3413 imp.
420 3347 512 3398 Bere:
530 3349 596 3414 imp.
615 3352 663 3398 tua
681 3350 708 3398 1
724 3346 734 3414 ΙΙ
751 3349 784 3399 25
802 3349 948 3399 moriturus
965 3351 1001 3411 H,
1020 3365 1079 3400 cor-

108 3415 171 3466 reai
184 3411 190 3480 Ι
205 3430 241 3464 an
256 3416 344 3466 tribus
363 3431 424 3480 epo:
443 3416 604 3466 autribusA
623 3421 670 3466 aut
682 3417 769 3467 tribus
781 3415 802 3465 B
812 3417 829 3465 ⁰
838 3416 913 3478 VW3
932 3417 965 3480 es.
976 3433 1003 3482 p.
1016 3419 1079 3477 2⁶4,

109 3483 144 3531 ,14
167 3479 177 3546 ll
200 3484 233 3534 27
252 3498 347 3534 omnes
364 3496 390 3531 w
