2294 3780
285 176 471 231 GENETHL.
488 177 697 233 MAXIMIANI.
716 181 823 229 16-19.
978 178 1039 243 115

71 308 164 423 ᾳῃειεῖ
185 345 294 472 repam
316 323 368 390 uel
387 346 447 410 pro
466 326 587 411 pietate
610 325 701 411 quasi
717 324 860 391 fratrem.
890 326 1038 412 Burgun-

70 409 183 474 diones
198 410 228 472 A
243 430 453 473 amannorum
473 432 568 496 agros
589 432 795 495 occupauere,
819 411 873 474 sed
888 432 946 474 sua
961 433 1038 495 quo-

69 514 133 577 que
155 493 244 558 clade
266 493 437 576 quaesitos.
482 495 659 559 Alamanni
680 498 781 559 terras
804 495 952 573 amisere,
982 496 1038 559 sed

68 579 231 660 repetunt.
260 597 279 640 ο
301 598 453 662 magnam
475 579 541 642 uim
563 580 704 643 numinis
724 579 837 643 uestri!
867 600 933 642 non
957 578 1038 643 istae

69 661 167 725 modo
204 661 347 744 aliaeque
379 665 492 747 gentes
528 663 650 726 uiribus
687 663 845 746 armisque
877 663 1063 727 terribilesa

68 745 187 809 fiducia
207 746 387 809 instructae
409 746 449 809 ad
466 747 640 830 perniciem
662 747 873 810 immanitatis
893 750 1037 831 utuntur,

68 830 124 893 sed
147 830 246 912 etiam
267 828 416 913 Blemyes
438 830 500 912 illi,
529 834 566 894 ut
588 830 697 912 audio,
725 830 850 894 leuibus
871 831 966 894 modo
989 854 1037 895 as·

67 913 153 976 sueti
184 913 313 997 sagittis
347 915 498 978 aduersus
532 914 709 996 Aethiopas
746 919 904 998 quaerunt
937 937 1037 999 arma,

67 1017 151 1080 quae
173 1018 239 1061 non
259 995 390 1079 habent,
413 1001 446 1061 et
459 1019 561 1081 paene
583 998 677 1064 nudis
700 998 781 1062 odiis
796 999 917 1082 proelia
938 1000 1037 1064 inter·

66 1081 184 1146 necina
210 1081 425 1144 committunt.
1049 1102 1075 1143 ro

132 1163 253 1229 XVIII.
281 1165 350 1228 lam
372 1165 411 1228 de
426 1164 641 1248 perduellibus
663 1166 818 1229 ultionem
840 1186 908 1229 non
928 1167 1036 1249 armis,

66 1269 135 1313 non
163 1249 305 1313 exercitu
333 1249 462 1332 capitis,
490 1251 573 1313 sicut
599 1249 763 1333 hucusque
785 1249 923 1313 fecistis:
960 1250 1035 1329 iam,

63 1334 209 1417 inquam,
230 1332 475 1396 fortunatissimi
490 1333 709 1416 imperatores
731 1332 886 1396 felicitate
905 1332 1035 1397 uincitis

65 1416 146 1481 sola.
175 1416 286 1501 ecquid
308 1438 459 1499 umquam
476 1416 614 1480 Romani
635 1416 796 1500 principes
819 1417 856 1479 de
878 1415 1035 1480 felicitate

65 1521 127 1565 sua
149 1500 325 1584 praedicari
344 1500 459 1564 laetius
480 1501 649 1565 audierunt
668 1522 764 1585 quam
786 1521 858 1564 cum
876 1499 1035 1565 diceretur
1048 1518 1073 1559 15

64 1584 176 1649 hostes
204 1584 365 1668 quiescere
372 1585 381 1667 ‚'
419 1587 537 1649 otiosos
565 1606 649 1668 esse,
686 1606 799 1668 pacem
828 1583 956 1648 colere?
1002 1589 1036 1649 at

65 1669 156 1733 enim
182 1671 303 1752 quanto
325 1667 385 1732 hoc
413 1672 461 1733 est
483 1668 664 1734 laetabilius
692 1690 728 1733 ac
750 1668 863 1732 melius
888 1667 973 1752 quod
996 1669 1035 1732 de

64 1753 280 1836 prosperitate
308 1752 426 1816 saeculi
460 1754 558 1816 uestri
588 1753 734 1818 certatim
764 1753 907 1816 omnium
934 1752 1035 1816 homi-

64 1859 144 1901 num
160 1836 343 1901 circumfert
357 1857 476 1902 sermo:
494 1842 721 1903 corrcorreroat
733 1837 863 1901 barbari
879 1836 919 1901 ad
935 1859 1032 1921 arma,

64 1922 122 1985 sed
144 1921 285 1986 inuicem
307 1920 505 1984 dimicaturi!
542 1921 690 1985 uicerunt
711 1921 854 2000 barbari,
883 1921 937 1986 sed
960 1943 1033 1986 con·
1046 1939 1072 1978 2⁰

64 2004 261 2090 sanguineos
284 2007 374 2068 suos!
413 2007 480 2068 tam
501 2006 685 2070 innumeros
706 2005 814 2088 uobis,
842 2009 911 2069 tam
933 2027 1033 2069 nouos

64 2110 104 2152 ex
126 2090 214 2154 omni
236 2088 378 2153 hostium
405 2110 522 2174 genere
545 2110 707 2154 successus
729 2090 860 2152 fortuna
886 2088 1033 2171 suppedi-

64 2173 116 2237 tat
136 2176 174 2236 ut
195 2173 361 2245 iammihi
389 2194 519 2238 neccsse
541 2175 584 2237 sit
605 2174 662 2236 illa
683 2193 765 2256 quae
789 2172 882 2235 initio
905 2193 1032 2253 separa-

64 2277 173 2321 ueram
201 2278 310 2320 rursus
332 2256 385 2320 hic
413 2259 574 2321 communi
594 2257 689 2320 laude
717 2255 926 2337 coniungere,
956 2253 1032 2316 dum

62 2344 227 2405 tantorum
264 2343 437 2404 euentuum
474 2361 590 2424 quaero
625 2340 802 2403 rationem:
846 2336 1031 2401 felicitatem
1044 2352 1071 2393 2⁵

62 2425 176 2504 istam,
202 2425 315 2509 optimi
336 2424 561 2508 imperatores,
584 2424 703 2508 pietate
724 2421 902 2486 meruistis!

127 2507 216 2573 XIX.
245 2508 373 2591 Optime
394 2509 509 2594 igitur,
532 2511 687 2592 quantum
710 2506 863 2589 arbitror,
886 2506 1031 2570 sacratis-

61 2592 143 2657 sime
158 2592 341 2676 imperator,
361 2592 441 2657 haec
455 2592 624 2676 potissima
640 2592 722 2677 elegi
736 2612 817 2676 quae
832 2590 961 2677 gemino
977 2612 1031 2655 na-

130 2783 146 2830 3
160 2780 302 2843 quaesitas
312 2780 346 2842 Η,
360 2795 430 2833 corr.
442 2781 526 2830 Liuia.
542 2779 546 2846 Ι
562 2779 720 2830 alamannie
732 2780 752 2829 B
762 2781 779 2827 0
790 2779 811 2826 V
823 2776 833 2843 ΙΙ
846 2781 861 2829 5
873 2779 980 2829 uiribus
992 2792 1031 2827 w:

61 2846 222 2911 uiribusque
235 2848 262 2895 Η
274 2844 284 2911 ll
297 2847 312 2895 6
325 2863 358 2896 aa
376 2848 581 2896 instructurae?
596 2847 600 2907 Ι
615 2851 760 2896 uertuntur
772 2846 904 2895 Liuineius
914 2843 926 2910 ΙΙ
939 2847 954 2895 7
966 2844 1030 2895 Ble-

61 2928 138 2977 myes
150 2911 173 2962 Δ
186 2914 275 2966 Bora:
293 2912 403 2964 blemies
416 2915 449 2962 W
465 2914 589 2978 belmyea
601 2916 621 2962 B
631 2916 649 2962 c
658 2915 681 2960 V
695 2914 700 2977 Ι
716 2909 805 2979 modo]
820 2927 874 2991 aon
887 2926 903 2975 ς
915 2912 1032 2962 Schwar-

60 2979 478 3112 salustriacus
491 2978 948 3100 rf‘lltfflltttlnrsll
964 2977 976 3111 ,Ι
999 2982 1032 3097 s

62 3115 162 3177 ecquid
180 3131 242 3180 epo:
267 3121 296 3165 et
314 3114 379 3179 quid
396 3117 416 3164 B
435 3115 457 3163 V
474 3116 507 3162 W
530 3120 558 3164 et
576 3114 646 3179 quod
664 3116 682 3163 0
704 3112 715 3179 ΙΙ
740 3116 771 3165 16
790 3115 898 3178 quietos
917 3118 955 3166 ot.
975 3115 992 3161 0
1016 3110 1028 3177 ΙΙ

62 3184 94 3232 19
112 3196 202 3233 sermo
222 3182 370 3233 concurre?
382 3184 487 3233 addidi:
505 3199 551 3233 om.
563 3183 590 3230 Η
607 3182 747 3232 hominum
765 3196 812 3230 ore
825 3179 1030 3230 circumfertur:

60 3248 140 3301 barb.
151 3250 185 3300 ad
195 3265 271 3300 arma
281 3255 446 3301 concurrunt
455 3251 513 3301 edd.
523 3248 665 3313 {barbaria
676 3249 821 3298 darmaAV
829 3247 959 3298 barbaria
970 3246 1004 3296 da
1009 3261 1030 3294 r·

60 3349 142 3399 nial
159 3351 292 3401 barbaria
310 3328 422 3401 <latislao
440 3349 569 3400 barbaria
588 3350 687 3399 damna
705 3362 729 3396 w
742 3345 752 3412 ΙΙ
765 3350 798 3398 25
817 3344 930 3412 quaero]
949 3345 1029 3397 credo

59 3415 176 3533 3282.le
206 3420 239 3469 2⁷
258 3434 315 3470 sac.
332 3420 360 3467 Κ
383 3424 387 3483 Ι
412 3420 544 3482 quantum
563 3417 681 3468 arbitror
699 3423 759 3479 post
776 3429 831 3469 sae.
850 3416 914 3480 imp.
932 3418 1031 3478 ponunt

843 3565 882 3616 Q*
