<?xml version="1.0" encoding="UTF-8"?>
<!DOCTYPE html PUBLIC "-//W3C//DTD XHTML 1.0 Transitional//EN"
    "http://www.w3.org/TR/xhtml1/DTD/xhtml1-transitional.dtd">
<html xmlns="http://www.w3.org/1999/xhtml" xml:lang="en" lang="en">
 <head>
  <title>
</title>
<meta http-equiv="Content-Type" content="text/html;charset=utf-8" />
  <meta name='ocr-system' content='tesseract 3.04.00' />
  <meta name='ocr-capabilities' content='ocr_page ocr_carea ocr_par ocr_line ocrx_word'/>
</head>
<body>
  <div class='ocr_page' id='page_1' title='image "./xiipanegyricila00baehgoog_0210.png"; bbox 0 0 2294 3780; ppageno 0'>
   <div class='ocr_carea' id='block_1_1' title="bbox 268 156 1063 256">
    <p class='ocr_par' dir='ltr' id='par_1_1' title="bbox 268 156 1063 256">
     <span class='ocr_line' id='line_1_1' title="bbox 268 156 1063 256; baseline 0.01 -19"><span class='ocrx_word' id='word_1_1' title='bbox 268 156 522 240; x_wconf 77' lang='lat' dir='ltr'>consrsnrrno</span> <span class='ocrx_word' id='word_1_2' title='bbox 541 187 712 240; x_wconf 76' lang='lat' dir='ltr'>scansio</span> <span class='ocrx_word' id='word_1_3' title='bbox 730 190 763 243; x_wconf 87' lang='lat' dir='ltr'>n.</span> <span class='ocrx_word' id='word_1_4' title='bbox 784 192 891 241; x_wconf 78' lang='lat'>17-19.</span> <span class='ocrx_word' id='word_1_5' title='bbox 1002 191 1063 256; x_wconf 71' lang='lat'>175</span> 
     </span>
    </p>
   </div>
   <div class='ocr_carea' id='block_1_2' title="bbox 87 335 1099 3043">
    <p class='ocr_par' dir='ltr' id='par_1_2' title="bbox 91 335 1088 824">
     <span class='ocr_line' id='line_1_2' title="bbox 93 335 1062 422; baseline 0.007 -24"><span class='ocrx_word' id='word_1_6' title='bbox 93 335 204 401; x_wconf 88' lang='lat' dir='ltr'>festim</span> <span class='ocrx_word' id='word_1_7' title='bbox 231 337 368 402; x_wconf 89' lang='lat' dir='ltr'>nauibus</span> <span class='ocrx_word' id='word_1_8' title='bbox 397 338 562 402; x_wconf 86' lang='lat' dir='ltr'>euolarent</span> <span class='ocrx_word' id='word_1_9' title='bbox 590 337 750 422; x_wconf 86' lang='lat' dir='ltr'>effusoque</span> <span class='ocrx_word' id='word_1_10' title='bbox 778 360 871 404; x_wconf 87' lang='lat' dir='ltr'>cursu</span> <span class='ocrx_word' id='word_1_11' title='bbox 902 361 968 404; x_wconf 91' lang='lat' dir='ltr'>non</span> <span class='ocrx_word' id='word_1_12' title='bbox 997 342 1062 405; x_wconf 91' lang='lat' dir='ltr'>iam</span> 
     </span>
     <span class='ocr_line' id='line_1_3' title="bbox 92 419 1062 521; baseline 0.005 -37"><span class='ocrx_word' id='word_1_13' title='bbox 92 419 243 485; x_wconf 79' lang='lat' dir='ltr'>Rhodani</span> <span class='ocrx_word' id='word_1_14' title='bbox 269 421 439 504; x_wconf 86' lang='lat' dir='ltr'>curricula,</span> <span class='ocrx_word' id='word_1_15' title='bbox 470 420 525 486; x_wconf 90' lang='lat' dir='ltr'>sed</span> <span class='ocrx_word' id='word_1_16' title='bbox 547 422 617 506; x_wconf 88' lang='lat' dir='ltr'>ipsa</span> <span class='ocrx_word' id='word_1_17' title='bbox 639 422 870 521; x_wconf 88' lang='lat' dir='ltr'>quodammodo</span> <span class='ocrx_word' id='word_1_18' title='bbox 891 429 1062 490; x_wconf 88' lang='lat' dir='ltr'>uentorum</span> 
     </span>
     <span class='ocr_line' id='line_1_4' title="bbox 92 504 1061 590; baseline 0.006 -23"><span class='ocrx_word' id='word_1_19' title='bbox 92 504 195 569; x_wconf 86' lang='lat' dir='ltr'>flabra</span> <span class='ocrx_word' id='word_1_20' title='bbox 222 508 470 590; x_wconf 87' lang='lat' dir='ltr'>praeuerterent.</span> <span class='ocrx_word' id='word_1_21' title='bbox 514 510 623 570; x_wconf 86' lang='lat' dir='ltr'>tantus</span> <span class='ocrx_word' id='word_1_22' title='bbox 652 507 723 572; x_wconf 84' lang='lat' dir='ltr'>rllos</span> <span class='ocrx_word' id='word_1_23' title='bbox 756 509 944 573; x_wconf 76' lang='lat' dir='ltr'>incenderat</span> <span class='ocrx_word' id='word_1_24' title='bbox 971 531 1061 573; x_wconf 88' lang='lat' dir='ltr'>amor</span> 
     </span>
     <span class='ocr_line' id='line_1_5' title="bbox 91 589 1060 688; baseline 0.005 -35"><span class='ocrx_word' id='word_1_25' title='bbox 91 589 236 655; x_wconf 90' lang='lat' dir='ltr'>numinis</span> <span class='ocrx_word' id='word_1_26' title='bbox 257 592 305 655; x_wconf 91' lang='lat' dir='ltr'>tui</span> <span class='ocrx_word' id='word_1_27' title='bbox 327 594 377 675; x_wconf 88' lang='lat' dir='ltr'>ut,</span> <span class='ocrx_word' id='word_1_28' title='bbox 407 591 551 688; x_wconf 89' lang='lat' dir='ltr'>quamuis</span> <span class='ocrx_word' id='word_1_29' title='bbox 574 592 694 656; x_wconf 90' lang='lat' dir='ltr'>scirent</span> <span class='ocrx_word' id='word_1_30' title='bbox 718 594 969 678; x_wconf 82' lang='lat' dir='ltr'>oppugnandam</span> <span class='ocrx_word' id='word_1_31' title='bbox 991 615 1060 658; x_wconf 90' lang='lat' dir='ltr'>esse</span> 
     </span>
     <span class='ocr_line' id='line_1_6' title="bbox 91 675 1088 773; baseline 0.003 -35"><span class='ocrx_word' id='word_1_32' title='bbox 91 675 342 773; x_wconf 79' lang='lat' dir='ltr'>munitissimam</span> <span class='ocrx_word' id='word_1_33' title='bbox 363 676 535 759; x_wconf 85' lang='lat' dir='ltr'>ciurtatem‚</span> <span class='ocrx_word' id='word_1_34' title='bbox 559 675 704 740; x_wconf 88' lang='lat' dir='ltr'>sufficere</span> <span class='ocrx_word' id='word_1_35' title='bbox 728 677 789 742; x_wconf 86' lang='lat' dir='ltr'>sibi</span> <span class='ocrx_word' id='word_1_36' title='bbox 812 679 978 743; x_wconf 76' lang='lat' dir='ltr'>crederent</span> <span class='ocrx_word' id='word_1_37' title='bbox 991 700 1088 762; x_wconf 78' lang='lat' dir='ltr'>per-s</span> 
     </span>
     <span class='ocr_line' id='line_1_7' title="bbox 91 780 213 824; baseline 0 -1"><span class='ocrx_word' id='word_1_38' title='bbox 91 780 213 824; x_wconf 86' lang='lat' dir='ltr'>uemre.</span> 
     </span>
    </p>

    <p class='ocr_par' dir='ltr' id='par_1_3' title="bbox 88 843 1099 1606">
     <span class='ocr_line' id='line_1_8' title="bbox 154 843 1061 930; baseline 0.002 -21"><span class='ocrx_word' id='word_1_39' title='bbox 154 843 244 909; x_wconf 86' lang='lat' dir='ltr'>XIX.</span> <span class='ocrx_word' id='word_1_40' title='bbox 293 843 439 909; x_wconf 78' lang='lat' dir='ltr'><strong>Massilia</strong></span> <span class='ocrx_word' id='word_1_41' title='bbox 468 844 570 926; x_wconf 88' lang='lat' dir='ltr'>enim,</span> <span class='ocrx_word' id='word_1_42' title='bbox 601 848 637 909; x_wconf 91' lang='lat' dir='ltr'>ut</span> <span class='ocrx_word' id='word_1_43' title='bbox 665 845 770 930; x_wconf 86' lang='lat' dir='ltr'>audio,</span> <span class='ocrx_word' id='word_1_44' title='bbox 803 847 838 910; x_wconf 92' lang='lat' dir='ltr'>in</span> <span class='ocrx_word' id='word_1_45' title='bbox 866 847 1061 930; x_wconf 88' lang='lat' dir='ltr'>profundum</span> 
     </span>
     <span class='ocr_line' id='line_1_9' title="bbox 90 929 1061 1015; baseline 0.005 -23"><span class='ocrx_word' id='word_1_46' title='bbox 90 949 179 993; x_wconf 89' lang='lat' dir='ltr'>mare</span> <span class='ocrx_word' id='word_1_47' title='bbox 200 929 389 1012; x_wconf 85' lang='lat' dir='ltr'>prominens</span> <span class='ocrx_word' id='word_1_48' title='bbox 417 932 450 993; x_wconf 92' lang='lat' dir='ltr'>et</span> <span class='ocrx_word' id='word_1_49' title='bbox 471 929 686 994; x_wconf 78' lang='lat' dir='ltr'>mimitissimo</span> <span class='ocrx_word' id='word_1_50' title='bbox 715 931 860 996; x_wconf 86' lang='lat' dir='ltr'>accincta</span> <span class='ocrx_word' id='word_1_51' title='bbox 886 936 996 1015; x_wconf 90' lang='lat' dir='ltr'>portu,</span> <span class='ocrx_word' id='word_1_52' title='bbox 1025 932 1061 996; x_wconf 92' lang='lat' dir='ltr'>in</span> 
     </span>
     <span class='ocr_line' id='line_1_10' title="bbox 92 1012 1060 1098; baseline 0.002 -21"><span class='ocrx_word' id='word_1_53' title='bbox 92 1034 187 1097; x_wconf 88' lang='lat' dir='ltr'>quem</span> <span class='ocrx_word' id='word_1_54' title='bbox 203 1016 341 1098; x_wconf 85' lang='lat' dir='ltr'>angusto</span> <span class='ocrx_word' id='word_1_55' title='bbox 363 1012 450 1077; x_wconf 85' lang='lat' dir='ltr'>aditu</span> <span class='ocrx_word' id='word_1_56' title='bbox 464 1013 715 1079; x_wconf 89' lang='lat' dir='ltr'>mediterraneus</span> <span class='ocrx_word' id='word_1_57' title='bbox 738 1015 844 1079; x_wconf 89' lang='lat' dir='ltr'>refluit</span> <span class='ocrx_word' id='word_1_58' title='bbox 858 1016 958 1098; x_wconf 89' lang='lat' dir='ltr'>sinus,</span> <span class='ocrx_word' id='word_1_59' title='bbox 983 1016 1060 1080; x_wconf 88' lang='lat' dir='ltr'>solis</span> 
     </span>
     <span class='ocr_line' id='line_1_11' title="bbox 89 1097 1099 1184; baseline 0.003 -23"><span class='ocrx_word' id='word_1_60' title='bbox 89 1097 180 1162; x_wconf 90' lang='lat' dir='ltr'>mille</span> <span class='ocrx_word' id='word_1_61' title='bbox 196 1097 380 1184; x_wconf 74' lang='lat' dir='ltr'>quingentis</span> <span class='ocrx_word' id='word_1_62' title='bbox 399 1098 547 1182; x_wconf 88' lang='lat' dir='ltr'>passibus</span> <span class='ocrx_word' id='word_1_63' title='bbox 561 1101 665 1163; x_wconf 89' lang='lat' dir='ltr'>terrae</span> <span class='ocrx_word' id='word_1_64' title='bbox 686 1098 844 1181; x_wconf 81' lang='lat' dir='ltr'>cohaeret,</span> <span class='ocrx_word' id='word_1_65' title='bbox 869 1121 931 1183; x_wconf 89' lang='lat' dir='ltr'>qua</span> <span class='ocrx_word' id='word_1_66' title='bbox 946 1100 1059 1164; x_wconf 89' lang='lat' dir='ltr'>firmis-</span> <span class='ocrx_word' id='word_1_67' title='bbox 1073 1123 1099 1164; x_wconf 83' lang='lat' dir='ltr'>ro</span> 
     </span>
     <span class='ocr_line' id='line_1_12' title="bbox 90 1182 1059 1268; baseline 0.002 -22"><span class='ocrx_word' id='word_1_68' title='bbox 90 1182 192 1247; x_wconf 90' lang='lat' dir='ltr'>simus</span> <span class='ocrx_word' id='word_1_69' title='bbox 215 1191 247 1247; x_wconf 92' lang='lat' dir='ltr'>et</span> <span class='ocrx_word' id='word_1_70' title='bbox 264 1183 406 1249; x_wconf 90' lang='lat' dir='ltr'>turribus</span> <span class='ocrx_word' id='word_1_71' title='bbox 426 1182 577 1268; x_wconf 87' lang='lat' dir='ltr'>frequens</span> <span class='ocrx_word' id='word_1_72' title='bbox 599 1205 707 1248; x_wconf 89' lang='lat' dir='ltr'>murus</span> <span class='ocrx_word' id='word_1_73' title='bbox 729 1184 910 1267; x_wconf 90' lang='lat' dir='ltr'>opponitur.</span> <span class='ocrx_word' id='word_1_74' title='bbox 942 1185 1059 1268; x_wconf 90' lang='lat' dir='ltr'>qnippe</span> 
     </span>
     <span class='ocr_line' id='line_1_13' title="bbox 90 1266 1059 1353; baseline 0.001 -23"><span class='ocrx_word' id='word_1_75' title='bbox 90 1266 170 1330; x_wconf 90' lang='lat' dir='ltr'>olim</span> <span class='ocrx_word' id='word_1_76' title='bbox 193 1266 332 1332; x_wconf 84' lang='lat' dir='ltr'>Graecos</span> <span class='ocrx_word' id='word_1_77' title='bbox 354 1266 515 1353; x_wconf 87' lang='lat' dir='ltr'>Italosque</span> <span class='ocrx_word' id='word_1_78' title='bbox 537 1267 613 1332; x_wconf 91' lang='lat' dir='ltr'>illuc</span> <span class='ocrx_word' id='word_1_79' title='bbox 637 1289 812 1350; x_wconf 78' lang='lat' dir='ltr'>nonnanes,</span> <span class='ocrx_word' id='word_1_80' title='bbox 844 1289 916 1332; x_wconf 88' lang='lat' dir='ltr'>cum</span> <span class='ocrx_word' id='word_1_81' title='bbox 938 1268 1059 1331; x_wconf 88' lang='lat' dir='ltr'>artibus</span> 
     </span>
     <span class='ocr_line' id='line_1_14' title="bbox 88 1351 1060 1436; baseline 0 -22"><span class='ocrx_word' id='word_1_82' title='bbox 88 1351 224 1436; x_wconf 84' lang='lat' dir='ltr'>ingenio</span> <span class='ocrx_word' id='word_1_83' title='bbox 246 1373 285 1417; x_wconf 89' lang='lat' dir='ltr'>ue</span> <span class='ocrx_word' id='word_1_84' title='bbox 310 1352 478 1436; x_wconf 89' lang='lat' dir='ltr'>pollerent,</span> <span class='ocrx_word' id='word_1_85' title='bbox 502 1352 598 1416; x_wconf 84' lang='lat' dir='ltr'>etiam</span> <span class='ocrx_word' id='word_1_86' title='bbox 620 1354 690 1436; x_wconf 91' lang='lat' dir='ltr'>ipse</span> <span class='ocrx_word' id='word_1_87' title='bbox 712 1351 821 1416; x_wconf 90' lang='lat' dir='ltr'>docuit</span> <span class='ocrx_word' id='word_1_88' title='bbox 841 1352 929 1415; x_wconf 91' lang='lat' dir='ltr'>locus</span> <span class='ocrx_word' id='word_1_89' title='bbox 951 1352 1060 1416; x_wconf 92' lang='lat' dir='ltr'>omnia</span> 
     </span>
     <span class='ocr_line' id='line_1_15' title="bbox 89 1436 1059 1522; baseline -0.001 -21"><span class='ocrx_word' id='word_1_90' title='bbox 89 1457 172 1519; x_wconf 84' lang='lat' dir='ltr'>qnae</span> <span class='ocrx_word' id='word_1_91' title='bbox 195 1437 234 1501; x_wconf 92' lang='lat' dir='ltr'>be</span> <span class='ocrx_word' id='word_1_92' title='bbox 260 1457 278 1501; x_wconf 95' lang='lat' dir='ltr'>o</span> <span class='ocrx_word' id='word_1_93' title='bbox 305 1438 378 1500; x_wconf 89' lang='lat' dir='ltr'>usui</span> <span class='ocrx_word' id='word_1_94' title='bbox 399 1436 507 1502; x_wconf 89' lang='lat' dir='ltr'>forent</span> <span class='ocrx_word' id='word_1_95' title='bbox 528 1436 648 1522; x_wconf 84' lang='lat' dir='ltr'>largius</span> <span class='ocrx_word' id='word_1_96' title='bbox 677 1437 711 1499; x_wconf 91' lang='lat' dir='ltr'>in</span> <span class='ocrx_word' id='word_1_97' title='bbox 734 1457 804 1500; x_wconf 89' lang='lat' dir='ltr'>eam</span> <span class='ocrx_word' id='word_1_98' title='bbox 826 1439 951 1519; x_wconf 90' lang='lat' dir='ltr'>partem</span> <span class='ocrx_word' id='word_1_99' title='bbox 977 1457 1059 1520; x_wconf 86' lang='lat' dir='ltr'>quae</span> 
     </span>
     <span class='ocr_line' id='line_1_16' title="bbox 89 1519 1097 1606; baseline -0.001 -21"><span class='ocrx_word' id='word_1_100' title='bbox 89 1519 172 1585; x_wconf 87' lang='lat' dir='ltr'>adiri</span> <span class='ocrx_word' id='word_1_101' title='bbox 193 1524 302 1606; x_wconf 88' lang='lat' dir='ltr'>posset</span> <span class='ocrx_word' id='word_1_102' title='bbox 323 1521 523 1606; x_wconf 87' lang='lat' dir='ltr'>impendere,</span> <span class='ocrx_word' id='word_1_103' title='bbox 552 1542 624 1586; x_wconf 89' lang='lat' dir='ltr'>cum</span> <span class='ocrx_word' id='word_1_104' title='bbox 646 1523 762 1585; x_wconf 89' lang='lat' dir='ltr'>natura</span> <span class='ocrx_word' id='word_1_105' title='bbox 783 1520 818 1584; x_wconf 92' lang='lat' dir='ltr'>in</span> <span class='ocrx_word' id='word_1_106' title='bbox 841 1521 953 1585; x_wconf 88' lang='lat' dir='ltr'>ceteris</span> <span class='ocrx_word' id='word_1_107' title='bbox 976 1542 1097 1585; x_wconf 76' lang='lat' dir='ltr'>sum-1⁵</span> 
     </span>
    </p>

    <p class='ocr_par' dir='ltr' id='par_1_4' title="bbox 87 1604 1096 3043">
     <span class='ocr_line' id='line_1_17' title="bbox 113 1604 1059 1690; baseline 0.001 -21"><span class='ocrx_word' id='word_1_108' title='bbox 113 1607 183 1669; x_wconf 90' lang='lat' dir='ltr'>tum</span> <span class='ocrx_word' id='word_1_109' title='bbox 205 1605 310 1690; x_wconf 88' lang='lat' dir='ltr'>operis</span> <span class='ocrx_word' id='word_1_110' title='bbox 332 1606 515 1671; x_wconf 83' lang='lat' dir='ltr'>remisisset.</span> <span class='ocrx_word' id='word_1_111' title='bbox 547 1606 654 1690; x_wconf 87' lang='lat' dir='ltr'>itaque</span> <span class='ocrx_word' id='word_1_112' title='bbox 677 1604 764 1670; x_wconf 93' lang='lat' dir='ltr'>illam</span> <span class='ocrx_word' id='word_1_113' title='bbox 787 1608 855 1669; x_wconf 88' lang='lat' dir='ltr'>tum</span> <span class='ocrx_word' id='word_1_114' title='bbox 877 1606 968 1690; x_wconf 87' lang='lat' dir='ltr'>graui</span> <span class='ocrx_word' id='word_1_115' title='bbox 990 1605 1059 1670; x_wconf 84' lang='lat' dir='ltr'>fato</span> 
     </span>
     <span class='ocr_line' id='line_1_18' title="bbox 89 1627 1058 1775; baseline 0 -21"><span class='ocrx_word' id='word_1_116' title='bbox 89 1627 223 1755; x_wconf 51' lang='lat' dir='ltr'>haesuri</span> <span class='ocrx_word' id='word_1_117' title='bbox 250 1693 360 1775; x_wconf 89' lang='lat' dir='ltr'>portas</span> <span class='ocrx_word' id='word_1_118' title='bbox 392 1711 450 1775; x_wconf 91' lang='lat' dir='ltr'>pro</span> <span class='ocrx_word' id='word_1_119' title='bbox 478 1690 556 1755; x_wconf 88' lang='lat' dir='ltr'>duce</span> <span class='ocrx_word' id='word_1_120' title='bbox 584 1690 709 1755; x_wconf 90' lang='lat' dir='ltr'>seniore</span> <span class='ocrx_word' id='word_1_121' title='bbox 745 1690 945 1755; x_wconf 81' lang='lat' dir='ltr'>claudentem</span> <span class='ocrx_word' id='word_1_122' title='bbox 972 1694 1058 1754; x_wconf 84' lang='lat' dir='ltr'>terra</span> 
     </span>
     <span class='ocr_line' id='line_1_19' title="bbox 88 1774 1058 1860; baseline -0.001 -21"><span class='ocrx_word' id='word_1_123' title='bbox 88 1775 237 1859; x_wconf 86' lang='lat' dir='ltr'>marique</span> <span class='ocrx_word' id='word_1_124' title='bbox 259 1776 397 1840; x_wconf 89' lang='lat' dir='ltr'>admotis</span> <span class='ocrx_word' id='word_1_125' title='bbox 419 1774 592 1857; x_wconf 88' lang='lat' dir='ltr'>machinis,</span> <span class='ocrx_word' id='word_1_126' title='bbox 617 1775 789 1860; x_wconf 77' lang='lat' dir='ltr'>aggeribus</span> <span class='ocrx_word' id='word_1_127' title='bbox 812 1776 978 1858; x_wconf 85' lang='lat' dir='ltr'>extructis,</span> <span class='ocrx_word' id='word_1_128' title='bbox 1002 1796 1058 1839; x_wconf 83' lang='lat' dir='ltr'>na-</span> 
     </span>
     <span class='ocr_line' id='line_1_20' title="bbox 88 1859 1058 1946; baseline 0 -22"><span class='ocrx_word' id='word_1_129' title='bbox 88 1859 215 1924; x_wconf 85' lang='lat' dir='ltr'>ualibus</span> <span class='ocrx_word' id='word_1_130' title='bbox 237 1859 368 1943; x_wconf 90' lang='lat' dir='ltr'>proeliis</span> <span class='ocrx_word' id='word_1_131' title='bbox 396 1860 521 1943; x_wconf 91' lang='lat' dir='ltr'>saepius</span> <span class='ocrx_word' id='word_1_132' title='bbox 549 1863 768 1946; x_wconf 88' lang='lat' dir='ltr'>oppugnatam</span> <span class='ocrx_word' id='word_1_133' title='bbox 796 1882 891 1945; x_wconf 88' lang='lat' dir='ltr'>quam</span> <span class='ocrx_word' id='word_1_134' title='bbox 912 1861 1058 1925; x_wconf 90' lang='lat' dir='ltr'>territam</span> 
     </span>
     <span class='ocr_line' id='line_1_21' title="bbox 87 1943 1096 2028; baseline -0.002 -20"><span class='ocrx_word' id='word_1_135' title='bbox 87 1943 145 2008; x_wconf 85' lang='lat' dir='ltr'>uix</span> <span class='ocrx_word' id='word_1_136' title='bbox 167 1944 308 2009; x_wconf 87' lang='lat' dir='ltr'>obsessio</span> <span class='ocrx_word' id='word_1_137' title='bbox 331 1945 481 2008; x_wconf 89' lang='lat' dir='ltr'>diuturna</span> <span class='ocrx_word' id='word_1_138' title='bbox 503 1944 665 2028; x_wconf 65' lang='lat' dir='ltr'>patefeoiq</span> <span class='ocrx_word' id='word_1_139' title='bbox 689 1967 761 2010; x_wconf 89' lang='lat' dir='ltr'>cum</span> <span class='ocrx_word' id='word_1_140' title='bbox 783 1947 892 2010; x_wconf 89' lang='lat' dir='ltr'>tamen</span> <span class='ocrx_word' id='word_1_141' title='bbox 908 1944 1096 2010; x_wconf 78' lang='lat' dir='ltr'>Graeculiro</span> 
     </span>
     <span class='ocr_line' id='line_1_22' title="bbox 88 2027 1058 2112; baseline -0.001 -19"><span class='ocrx_word' id='word_1_142' title='bbox 88 2029 299 2112; x_wconf 78' lang='lat' dir='ltr'>magistratus</span> <span class='ocrx_word' id='word_1_143' title='bbox 328 2032 361 2092; x_wconf 91' lang='lat' dir='ltr'>et</span> <span class='ocrx_word' id='word_1_144' title='bbox 388 2030 493 2111; x_wconf 89' lang='lat' dir='ltr'>ipsum</span> <span class='ocrx_word' id='word_1_145' title='bbox 517 2027 687 2094; x_wconf 76' lang='lat' dir='ltr'>Caesarem</span> <span class='ocrx_word' id='word_1_146' title='bbox 715 2032 747 2093; x_wconf 93' lang='lat' dir='ltr'>et</span> <span class='ocrx_word' id='word_1_147' title='bbox 772 2051 846 2093; x_wconf 83' lang='lat' dir='ltr'>mox</span> <span class='ocrx_word' id='word_1_148' title='bbox 869 2030 963 2093; x_wconf 89' lang='lat' dir='ltr'>duces</span> <span class='ocrx_word' id='word_1_149' title='bbox 991 2030 1058 2093; x_wconf 88' lang='lat' dir='ltr'>eius</span> 
     </span>
     <span class='ocr_line' id='line_1_23' title="bbox 88 2112 1058 2197; baseline -0.002 -20"><span class='ocrx_word' id='word_1_150' title='bbox 88 2116 129 2178; x_wconf 88' lang='lat' dir='ltr'>ct</span> <span class='ocrx_word' id='word_1_151' title='bbox 146 2113 254 2197; x_wconf 88' lang='lat' dir='ltr'>copias</span> <span class='ocrx_word' id='word_1_152' title='bbox 276 2134 344 2178; x_wconf 91' lang='lat' dir='ltr'>uon</span> <span class='ocrx_word' id='word_1_153' title='bbox 365 2117 432 2177; x_wconf 91' lang='lat' dir='ltr'>tam</span> <span class='ocrx_word' id='word_1_154' title='bbox 454 2113 577 2178; x_wconf 90' lang='lat' dir='ltr'>uiribus</span> <span class='ocrx_word' id='word_1_155' title='bbox 599 2114 665 2176; x_wconf 88' lang='lat' dir='ltr'>suis</span> <span class='ocrx_word' id='word_1_156' title='bbox 687 2134 782 2196; x_wconf 90' lang='lat' dir='ltr'>quam</span> <span class='ocrx_word' id='word_1_157' title='bbox 800 2112 965 2177; x_wconf 80' lang='lat' dir='ltr'>moenibus</span> <span class='ocrx_word' id='word_1_158' title='bbox 987 2134 1021 2175; x_wconf 91' lang='lat' dir='ltr'>re</span> <span class='ocrx_word' id='word_1_159' title='bbox 1046 2150 1058 2160; x_wconf 92' lang='lat'>-</span> 
     </span>
     <span class='ocr_line' id='line_1_24' title="bbox 87 2135 1056 2283; baseline -0.003 -21"><span class='ocrx_word' id='word_1_160' title='bbox 87 2197 259 2283; x_wconf 88' lang='lat' dir='ltr'>pulissent.</span> <span class='ocrx_word' id='word_1_161' title='bbox 302 2198 443 2262; x_wconf 86' lang='lat' dir='ltr'>atenim</span> <span class='ocrx_word' id='word_1_162' title='bbox 465 2219 552 2263; x_wconf 90' lang='lat' dir='ltr'>nunc</span> <span class='ocrx_word' id='word_1_163' title='bbox 573 2196 677 2280; x_wconf 89' lang='lat' dir='ltr'>primo</span> <span class='ocrx_word' id='word_1_164' title='bbox 698 2199 768 2279; x_wconf 87' lang='lat' dir='ltr'>tuo,</span> <span class='ocrx_word' id='word_1_165' title='bbox 791 2198 980 2279; x_wconf 87' lang='lat' dir='ltr'>imperator,</span> <span class='ocrx_word' id='word_1_166' title='bbox 1003 2135 1056 2259; x_wconf 76' lang='lat' dir='ltr'>ad·</span> 
     </span>
     <span class='ocr_line' id='line_1_25' title="bbox 87 2279 1057 2367; baseline -0.003 -20"><span class='ocrx_word' id='word_1_167' title='bbox 87 2285 189 2346; x_wconf 88' lang='lat' dir='ltr'>uentu</span> <span class='ocrx_word' id='word_1_168' title='bbox 217 2282 385 2366; x_wconf 89' lang='lat' dir='ltr'>primoque</span> <span class='ocrx_word' id='word_1_169' title='bbox 407 2283 530 2367; x_wconf 87' lang='lat' dir='ltr'>impetu</span> <span class='ocrx_word' id='word_1_170' title='bbox 558 2281 714 2346; x_wconf 87' lang='lat' dir='ltr'>exercitus</span> <span class='ocrx_word' id='word_1_171' title='bbox 737 2281 785 2344; x_wconf 90' lang='lat' dir='ltr'>tui</span> <span class='ocrx_word' id='word_1_172' title='bbox 811 2279 894 2344; x_wconf 91' lang='lat' dir='ltr'>nihil</span> <span class='ocrx_word' id='word_1_173' title='bbox 918 2280 1057 2344; x_wconf 90' lang='lat' dir='ltr'>eiusdem</span> 
     </span>
     <span class='ocr_line' id='line_1_26' title="bbox 88 2363 1095 2449; baseline -0.008 -18"><span class='ocrx_word' id='word_1_174' title='bbox 88 2366 255 2431; x_wconf 89' lang='lat' dir='ltr'>Massiliae</span> <span class='ocrx_word' id='word_1_175' title='bbox 277 2366 411 2432; x_wconf 91' lang='lat' dir='ltr'>altitudo</span> <span class='ocrx_word' id='word_1_176' title='bbox 427 2387 599 2448; x_wconf 87' lang='lat' dir='ltr'>murorum,</span> <span class='ocrx_word' id='word_1_177' title='bbox 621 2363 704 2428; x_wconf 90' lang='lat' dir='ltr'>nihil</span> <span class='ocrx_word' id='word_1_178' title='bbox 720 2364 927 2429; x_wconf 83' lang='lat' dir='ltr'>creberrimae</span> <span class='ocrx_word' id='word_1_179' title='bbox 942 2366 1056 2449; x_wconf 86' lang='lat' dir='ltr'>turres,</span> <span class='ocrx_word' id='word_1_180' title='bbox 1070 2384 1095 2424; x_wconf 76' lang='lat' dir='ltr'>es</span> 
     </span>
     <span class='ocr_line' id='line_1_27' title="bbox 88 2449 1057 2533; baseline -0.003 -18"><span class='ocrx_word' id='word_1_181' title='bbox 88 2449 175 2515; x_wconf 88' lang='lat' dir='ltr'>nihil</span> <span class='ocrx_word' id='word_1_182' title='bbox 195 2451 257 2516; x_wconf 91' lang='lat' dir='ltr'>loci</span> <span class='ocrx_word' id='word_1_183' title='bbox 279 2454 396 2516; x_wconf 87' lang='lat' dir='ltr'>natura</span> <span class='ocrx_word' id='word_1_184' title='bbox 422 2453 580 2516; x_wconf 88' lang='lat' dir='ltr'>remorata</span> <span class='ocrx_word' id='word_1_185' title='bbox 607 2452 657 2514; x_wconf 90' lang='lat' dir='ltr'>est</span> <span class='ocrx_word' id='word_1_186' title='bbox 678 2450 847 2533; x_wconf 88' lang='lat' dir='ltr'>quominus</span> <span class='ocrx_word' id='word_1_187' title='bbox 874 2453 907 2513; x_wconf 90' lang='lat' dir='ltr'>et</span> <span class='ocrx_word' id='word_1_188' title='bbox 928 2451 1057 2532; x_wconf 85' lang='lat' dir='ltr'>portum</span> 
     </span>
     <span class='ocr_line' id='line_1_28' title="bbox 90 2533 1058 2620; baseline -0.004 -19"><span class='ocrx_word' id='word_1_189' title='bbox 90 2557 221 2620; x_wconf 85' lang='lat' dir='ltr'>caperes</span> <span class='ocrx_word' id='word_1_190' title='bbox 244 2539 276 2601; x_wconf 89' lang='lat' dir='ltr'>et</span> <span class='ocrx_word' id='word_1_191' title='bbox 296 2537 408 2601; x_wconf 90' lang='lat' dir='ltr'>urbem</span> <span class='ocrx_word' id='word_1_192' title='bbox 431 2535 599 2615; x_wconf 83' lang='lat' dir='ltr'>continuo,</span> <span class='ocrx_word' id='word_1_193' title='bbox 625 2534 653 2598; x_wconf 90' lang='lat' dir='ltr'>si</span> <span class='ocrx_word' id='word_1_194' title='bbox 674 2533 782 2598; x_wconf 89' lang='lat' dir='ltr'>uelles.</span> <span class='ocrx_word' id='word_1_195' title='bbox 828 2534 946 2618; x_wconf 90' lang='lat' dir='ltr'>quippe</span> <span class='ocrx_word' id='word_1_196' title='bbox 968 2536 1058 2597; x_wconf 88' lang='lat' dir='ltr'>tanta</span> 
     </span>
     <span class='ocr_line' id='line_1_29' title="bbox 88 2619 1057 2688; baseline -0.002 -3"><span class='ocrx_word' id='word_1_197' title='bbox 88 2620 208 2685; x_wconf 88' lang='lat' dir='ltr'>fiducia</span> <span class='ocrx_word' id='word_1_198' title='bbox 232 2642 358 2686; x_wconf 91' lang='lat' dir='ltr'>murum</span> <span class='ocrx_word' id='word_1_199' title='bbox 385 2641 513 2685; x_wconf 90' lang='lat' dir='ltr'>omnem</span> <span class='ocrx_word' id='word_1_200' title='bbox 541 2619 659 2688; x_wconf 86' lang='lat' dir='ltr'>milites</span> <span class='ocrx_word' id='word_1_201' title='bbox 682 2619 867 2684; x_wconf 84' lang='lat' dir='ltr'>inuaserant</span> <span class='ocrx_word' id='word_1_202' title='bbox 889 2619 1057 2683; x_wconf 89' lang='lat' dir='ltr'>utstatim</span> 
     </span>
     <span class='ocr_line' id='line_1_30' title="bbox 90 2703 1056 2788; baseline -0.003 -19"><span class='ocrx_word' id='word_1_203' title='bbox 90 2706 161 2770; x_wconf 90' lang='lat' dir='ltr'>sine</span> <span class='ocrx_word' id='word_1_204' title='bbox 182 2704 279 2770; x_wconf 88' lang='lat' dir='ltr'>dnbio</span> <span class='ocrx_word' id='word_1_205' title='bbox 302 2706 464 2770; x_wconf 88' lang='lat' dir='ltr'>ascensuri</span> <span class='ocrx_word' id='word_1_206' title='bbox 484 2705 636 2783; x_wconf 85' lang='lat' dir='ltr'>fuissent,</span> <span class='ocrx_word' id='word_1_207' title='bbox 659 2704 723 2769; x_wconf 91' lang='lat' dir='ltr'>nisi</span> <span class='ocrx_word' id='word_1_208' title='bbox 745 2704 779 2767; x_wconf 90' lang='lat' dir='ltr'>in</span> <span class='ocrx_word' id='word_1_209' title='bbox 802 2703 955 2788; x_wconf 86' lang='lat' dir='ltr'>parandis</span> <span class='ocrx_word' id='word_1_210' title='bbox 979 2724 1056 2786; x_wconf 89' lang='lat' dir='ltr'>quas</span> 
     </span>
     <span class='ocr_line' id='line_1_31' title="bbox 90 2787 1095 2855; baseline -0.008 -1"><span class='ocrx_word' id='word_1_211' title='bbox 90 2789 300 2854; x_wconf 85' lang='lat' dir='ltr'>admouerent</span> <span class='ocrx_word' id='word_1_212' title='bbox 322 2791 417 2855; x_wconf 88' lang='lat' dir='ltr'>scalis</span> <span class='ocrx_word' id='word_1_213' title='bbox 445 2790 659 2854; x_wconf 89' lang='lat' dir='ltr'>coniecturam</span> <span class='ocrx_word' id='word_1_214' title='bbox 688 2788 850 2852; x_wconf 88' lang='lat' dir='ltr'>oculorum</span> <span class='ocrx_word' id='word_1_215' title='bbox 876 2787 1056 2851; x_wconf 89' lang='lat' dir='ltr'>sublimitas</span> <span class='ocrx_word' id='word_1_216' title='bbox 1069 2806 1095 2845; x_wconf 81' lang='lat' dir='ltr'>ao</span> 
     </span>
     <span class='ocr_line' id='line_1_32' title="bbox 89 2871 1056 2959; baseline -0.004 -22"><span class='ocrx_word' id='word_1_217' title='bbox 89 2873 269 2939; x_wconf 78' lang='lat' dir='ltr'>fefellisset.</span> <span class='ocrx_word' id='word_1_218' title='bbox 309 2875 362 2940; x_wconf 88' lang='lat' dir='ltr'>sed</span> <span class='ocrx_word' id='word_1_219' title='bbox 385 2875 431 2939; x_wconf 88' lang='lat' dir='ltr'>sic</span> <span class='ocrx_word' id='word_1_220' title='bbox 453 2895 578 2959; x_wconf 87' lang='lat' dir='ltr'>quoque</span> <span class='ocrx_word' id='word_1_221' title='bbox 604 2872 698 2937; x_wconf 91' lang='lat' dir='ltr'>multi</span> <span class='ocrx_word' id='word_1_222' title='bbox 720 2871 877 2936; x_wconf 88' lang='lat' dir='ltr'>scalarum</span> <span class='ocrx_word' id='word_1_223' title='bbox 899 2871 1056 2935; x_wconf 87' lang='lat' dir='ltr'>breuitate</span> 
     </span>
     <span class='ocr_line' id='line_1_33' title="bbox 91 2954 1057 3043; baseline -0.004 -21"><span class='ocrx_word' id='word_1_224' title='bbox 91 2959 226 3042; x_wconf 89' lang='lat' dir='ltr'>decepti,</span> <span class='ocrx_word' id='word_1_225' title='bbox 249 2960 330 3042; x_wconf 89' lang='lat' dir='ltr'>quod</span> <span class='ocrx_word' id='word_1_226' title='bbox 352 2962 515 3043; x_wconf 86' lang='lat' dir='ltr'>supererat</span> <span class='ocrx_word' id='word_1_227' title='bbox 535 2959 689 3036; x_wconf 82' lang='lat' dir='ltr'>ascensui,</span> <span class='ocrx_word' id='word_1_228' title='bbox 712 2957 850 3020; x_wconf 83' lang='lat' dir='ltr'>extentis</span> <span class='ocrx_word' id='word_1_229' title='bbox 872 2954 1057 3040; x_wconf 88' lang='lat' dir='ltr'>corporibus</span> 
     </span>
    </p>
   </div>
   <div class='ocr_carea' id='block_1_3' title="bbox 90 3098 288 3107">
    <p class='ocr_par' dir='ltr' id='par_1_5' title="bbox 90 3098 288 3107">
     <span class='ocr_line' id='line_1_34' title="bbox 90 3098 288 3107; baseline -0.01 0"><span class='ocrx_word' id='word_1_230' title='bbox 90 3098 226 3107; x_wconf 68' lang='lat'>-.—--</span> <span class='ocrx_word' id='word_1_231' title='bbox 279 3100 288 3105; x_wconf 92' lang='grc'>..</span> 
     </span>
    </p>
   </div>
   <div class='ocr_carea' id='block_1_4' title="bbox 89 3179 1084 3587">
    <p class='ocr_par' dir='ltr' id='par_1_6' title="bbox 89 3179 1084 3587">
     <span class='ocr_line' id='line_1_35' title="bbox 160 3179 1056 3246; baseline -0.007 -15"><span class='ocrx_word' id='word_1_232' title='bbox 160 3184 173 3231; x_wconf 94' lang='grc'><strong>1</strong></span> <span class='ocrx_word' id='word_1_233' title='bbox 194 3179 345 3246; x_wconf 83' lang='lat' dir='ltr'>effusoque]</span> <span class='ocrx_word' id='word_1_234' title='bbox 366 3181 451 3232; x_wconf 79' lang='lat' dir='ltr'>effuso</span> <span class='ocrx_word' id='word_1_235' title='bbox 470 3184 523 3231; x_wconf 86' lang='lat' dir='ltr'>iam</span> <span class='ocrx_word' id='word_1_236' title='bbox 542 3185 573 3230; x_wconf 84' lang='lat' dir='ltr'>W</span> <span class='ocrx_word' id='word_1_237' title='bbox 598 3179 608 3245; x_wconf 87' lang='grc' dir='ltr'>ΙΙ</span> <span class='ocrx_word' id='word_1_238' title='bbox 638 3179 757 3230; x_wconf 84' lang='lat' dir='ltr'>3flabra</span> <span class='ocrx_word' id='word_1_239' title='bbox 775 3180 921 3229; x_wconf 83' lang='lat' dir='ltr'>Liuineius:</span> <span class='ocrx_word' id='word_1_240' title='bbox 939 3180 1011 3227; x_wconf 82' lang='lat' dir='ltr'>llaua</span> <span class='ocrx_word' id='word_1_241' title='bbox 1029 3180 1056 3225; x_wconf 77' lang='lat'>1</span> 
     </span>
     <span class='ocr_line' id='line_1_36' title="bbox 90 3246 1054 3316; baseline -0.008 -15"><span class='ocrx_word' id='word_1_242' title='bbox 90 3250 202 3301; x_wconf 72' lang='lat' dir='ltr'>flemina</span> <span class='ocrx_word' id='word_1_243' title='bbox 221 3264 238 3316; x_wconf 89' lang='grc' dir='ltr'><strong><em>ς</em></strong></span> <span class='ocrx_word' id='word_1_244' title='bbox 255 3251 314 3300; x_wconf 83' lang='lat' dir='ltr'>edd.</span> <span class='ocrx_word' id='word_1_245' title='bbox 330 3248 334 3312; x_wconf 90' lang='grc' dir='ltr'>Ι</span> <span class='ocrx_word' id='word_1_246' title='bbox 350 3253 538 3314; x_wconf 83' lang='lat' dir='ltr'>peruerterent</span> <span class='ocrx_word' id='word_1_247' title='bbox 556 3249 576 3296; x_wconf 85' lang='lat' dir='ltr'><strong>B</strong></span> <span class='ocrx_word' id='word_1_248' title='bbox 590 3246 661 3313; x_wconf 73' lang='lat' dir='ltr'>Vllb</span> <span class='ocrx_word' id='word_1_249' title='bbox 679 3261 791 3311; x_wconf 82' lang='lat' dir='ltr'>pernen.</span> <span class='ocrx_word' id='word_1_250' title='bbox 810 3248 833 3295; x_wconf 83' lang='grc' dir='ltr'><strong>Δ</strong></span> <span class='ocrx_word' id='word_1_251' title='bbox 844 3247 877 3293; x_wconf 83' lang='lat' dir='ltr'>W</span> <span class='ocrx_word' id='word_1_252' title='bbox 891 3247 964 3297; x_wconf 68' lang='lat' dir='ltr'>Bere.</span> <span class='ocrx_word' id='word_1_253' title='bbox 984 3260 1010 3293; x_wconf 92' lang='lat' dir='ltr'>m</span> <span class='ocrx_word' id='word_1_254' title='bbox 1027 3259 1054 3293; x_wconf 83' lang='lat' dir='ltr'>r:</span> 
     </span>
     <span class='ocr_line' id='line_1_37' title="bbox 90 3311 1057 3383; baseline -0.006 -17"><span class='ocrx_word' id='word_1_255' title='bbox 90 3331 204 3383; x_wconf 82' lang='lat' dir='ltr'>pronon.</span> <span class='ocrx_word' id='word_1_256' title='bbox 222 3318 242 3365; x_wconf 85' lang='lat' dir='ltr'>B</span> <span class='ocrx_word' id='word_1_257' title='bbox 262 3318 283 3364; x_wconf 82' lang='lat' dir='ltr'>V</span> <span class='ocrx_word' id='word_1_258' title='bbox 300 3331 318 3366; x_wconf 89' lang='lat' dir='ltr'>u</span> <span class='ocrx_word' id='word_1_259' title='bbox 346 3315 357 3382; x_wconf 83' lang='grc' dir='ltr'>ΙΙ</span> <span class='ocrx_word' id='word_1_260' title='bbox 386 3318 402 3367; x_wconf 84' lang='lat'>9</span> <span class='ocrx_word' id='word_1_261' title='bbox 420 3316 629 3367; x_wconf 82' lang='lat' dir='ltr'>mediterraneus</span> <span class='ocrx_word' id='word_1_262' title='bbox 647 3315 791 3364; x_wconf 82' lang='lat' dir='ltr'>Lirc&#39;ncr&#39;ns:</span> <span class='ocrx_word' id='word_1_263' title='bbox 809 3313 976 3363; x_wconf 87' lang='lat' dir='ltr'>meridianus</span> <span class='ocrx_word' id='word_1_264' title='bbox 995 3315 1022 3360; x_wconf 71' lang='grc' dir='ltr'><strong>Η</strong></span> <span class='ocrx_word' id='word_1_265' title='bbox 1053 3311 1057 3373; x_wconf 81' lang='lat' dir='ltr'>l</span> 
     </span>
     <span class='ocr_line' id='line_1_38' title="bbox 89 3379 1057 3447; baseline -0.013 -11"><span class='ocrx_word' id='word_1_266' title='bbox 89 3387 123 3436; x_wconf 71' lang='lat'>28</span> <span class='ocrx_word' id='word_1_267' title='bbox 141 3399 215 3435; x_wconf 88' lang='lat' dir='ltr'>nune</span> <span class='ocrx_word' id='word_1_268' title='bbox 235 3385 373 3436; x_wconf 78' lang='lat' dir='ltr'>Gruterus:</span> <span class='ocrx_word' id='word_1_269' title='bbox 392 3399 455 3433; x_wconf 90' lang='lat' dir='ltr'>num</span> <span class='ocrx_word' id='word_1_270' title='bbox 467 3385 494 3432; x_wconf 70' lang='grc' dir='ltr'><strong><em>Β</em></strong></span> <span class='ocrx_word' id='word_1_271' title='bbox 509 3384 592 3444; x_wconf 62' lang='lat' dir='ltr'>Rern,</span> <span class='ocrx_word' id='word_1_272' title='bbox 611 3385 660 3433; x_wconf 82' lang='lat' dir='ltr'>del.</span> <span class='ocrx_word' id='word_1_273' title='bbox 680 3397 704 3430; x_wconf 81' lang='lat' dir='ltr'><strong>w</strong></span> <span class='ocrx_word' id='word_1_274' title='bbox 716 3379 727 3447; x_wconf 87' lang='grc' dir='ltr'>ΙΙ</span> <span class='ocrx_word' id='word_1_275' title='bbox 739 3384 771 3430; x_wconf 73' lang='lat' dir='ltr'>io</span> <span class='ocrx_word' id='word_1_276' title='bbox 791 3381 976 3431; x_wconf 79' lang='lat' dir='ltr'>creberrimae</span> <span class='ocrx_word' id='word_1_277' title='bbox 995 3379 1057 3425; x_wconf 64' lang='grc' dir='ltr'>Ν</span> 
     </span>
     <span class='ocr_line' id='line_1_39' title="bbox 89 3440 1084 3518; baseline -0.014 -16"><span class='ocrx_word' id='word_1_278' title='bbox 89 3451 180 3502; x_wconf 66' lang='lat' dir='ltr'>Bere:</span> <span class='ocrx_word' id='word_1_279' title='bbox 200 3451 394 3503; x_wconf 86' lang='lat' dir='ltr'>celeberrimae</span> <span class='ocrx_word' id='word_1_280' title='bbox 410 3452 430 3499; x_wconf 88' lang='grc' dir='ltr'><strong><em>Β</em></strong></span> <span class='ocrx_word' id='word_1_281' title='bbox 449 3454 466 3500; x_wconf 83' lang='lat' dir='ltr'>c</span> <span class='ocrx_word' id='word_1_282' title='bbox 485 3451 505 3499; x_wconf 78' lang='lat' dir='ltr'>V</span> <span class='ocrx_word' id='word_1_283' title='bbox 526 3450 537 3518; x_wconf 79' lang='lat' dir='ltr'>ll</span> <span class='ocrx_word' id='word_1_284' title='bbox 557 3452 589 3503; x_wconf 73' lang='lat'>&#39;27</span> <span class='ocrx_word' id='word_1_285' title='bbox 608 3450 700 3502; x_wconf 82' lang='lat' dir='ltr'>uelles</span> <span class='ocrx_word' id='word_1_286' title='bbox 718 3451 852 3514; x_wconf 67' lang='lat' dir='ltr'>Longius:</span> <span class='ocrx_word' id='word_1_287' title='bbox 869 3445 949 3495; x_wconf 67' lang='lat' dir='ltr'>uelis</span> <span class='ocrx_word' id='word_1_288' title='bbox 960 3440 1084 3501; x_wconf 56' lang='lat' dir='ltr'>11un</span> 
     </span>
     <span class='ocr_line' id='line_1_40' title="bbox 89 3511 991 3587; baseline -0.008 -18"><span class='ocrx_word' id='word_1_289' title='bbox 89 3520 249 3569; x_wconf 81' lang='lat' dir='ltr'>inuaserant</span> <span class='ocrx_word' id='word_1_290' title='bbox 266 3520 285 3568; x_wconf 72' lang='grc' dir='ltr'><strong><em>θ</em></strong></span> <span class='ocrx_word' id='word_1_291' title='bbox 305 3517 319 3584; x_wconf 71' lang='lat' dir='ltr'>l</span> <span class='ocrx_word' id='word_1_292' title='bbox 340 3522 370 3571; x_wconf 83' lang='lat'>31</span> <span class='ocrx_word' id='word_1_293' title='bbox 391 3520 437 3571; x_wconf 83' lang='lat' dir='ltr'>sed</span> <span class='ocrx_word' id='word_1_294' title='bbox 459 3520 550 3575; x_wconf 57' lang='lat' dir='ltr'>Bere:</span> <span class='ocrx_word' id='word_1_295' title='bbox 571 3539 622 3575; x_wconf 83' lang='lat' dir='ltr'>om.</span> <span class='ocrx_word' id='word_1_296' title='bbox 637 3522 669 3572; x_wconf 67' lang='grc' dir='ltr'>Ι</span> <span class='ocrx_word' id='word_1_297' title='bbox 691 3518 708 3587; x_wconf 68' lang='lat' dir='ltr'>l</span> <span class='ocrx_word' id='word_1_298' title='bbox 728 3512 944 3577; x_wconf 61' lang='lat' dir='ltr'>necarentque</span> <span class='ocrx_word' id='word_1_299' title='bbox 965 3511 991 3554; x_wconf 62' lang='lat' dir='ltr'>h</span> 
     </span>
    </p>
   </div>
   <div class='ocr_carea' id='block_1_5' title="bbox 0 0 1152 3780">
    <p class='ocr_par' dir='ltr' id='par_1_7' title="bbox 0 0 1152 3780">
     <span class='ocr_line' id='line_1_41' title="bbox 0 0 1152 3780; baseline 0 0"><span class='ocrx_word' id='word_1_300' title='bbox 0 0 1152 3780; x_wconf 95' lang='lat' dir='ltr'> </span> 
     </span>
    </p>
   </div>
  </div>
 </body>
</html>
