2294 3780
107 170 173 234 304
435 171 498 221 nu.
529 168 660 221 PACATI
678 170 757 221 Pru.

109 323 199 419 parte
221 320 405 404 fugiebant,
434 318 467 382 hi
491 318 632 383 dolorem
656 319 824 383 uulnerum
846 322 1077 466 seguebantum

109 406 164 468 1111
186 408 304 469 mortes
326 408 471 487 receptas
493 404 528 466 in
551 403 648 466 siluas
671 405 703 465 et
722 403 854 466 flumina
898 404 1078 488 ifferebant,

109 489 176 553 illic
196 492 393 573 postremum
413 488 559 570 spiritum
582 488 617 549 in
640 486 849 574 admiratione
870 489 1009 553 nominis
1030 491 1080 553 tui

111 580 143 638 11
177 575 225 638 sui
259 574 348 637 ducis
382 572 592 636 detestatione
629 571 814 634 fundebant.
864 572 971 636 nullus
1004 574 1079 637 finis

83 658 263 722 scaedendi
285 657 551 739 insequendique,
581 655 644 719 nisi
672 655 881 719 subtraxisset
899 656 1078 739 aliquando

110 742 285 806 uictoribus
318 762 404 804 mors
437 740 560 803 hostem
594 743 626 803 et
658 761 721 803 nox
750 739 843 803 diem.
895 745 929 804 at
956 746 1078 825 quanto

110 826 223 889 melius
251 846 364 887 manus
391 823 447 887 illa
475 823 635 887 consuluit
663 845 742 907 quae
774 825 939 888 submissis
968 848 1078 908 preca·

109 909 218 972 hunda
245 908 369 972 uexillis
397 911 480 991 petit
505 908 634 971 ueniam
666 909 865 972 necessitatis
898 913 931 972 et
958 913 1079 974 terram

110 993 227 1057 osculis
254 1014 401 1077 premens
436 991 589 1056 calcanda
618 993 762 1076 uestigiis
791 993 855 1055 tuis
884 1014 1018 1076 corpora
1046 999 1079 1058 11

72 1098 200 1141 marma
215 1078 363 1161 proiecit!
387 1099 481 1161 quam
502 1080 537 1140 tu
559 1097 626 1139 non
649 1077 783 1158 superbe
805 1080 842 1140 ut
856 1077 986 1160 uictam,
1001 1098 1077 1142 Ι11011

109 1163 189 1226 irate
217 1165 253 1225 ut
274 1185 376 1244 ream,
406 1183 473 1225 non
501 1159 709 1244 neglegenter
738 1163 775 1223 ut
795 1183 906 1243 parum
935 1183 1078 1226 necessa-

110 1248 190 1310 riam
212 1247 409 1330 praeteristi,
435 1246 490 1310 sed
511 1244 627 1309 blande
649 1244 884 1329 liberaliterque
907 1249 1077 1310 tractatam

110 1332 231 1395 iussisti
254 1353 321 1394 esse
345 1331 539 1393 itomanam!
578 1329 758 1413 iunguntur
785 1331 871 1394 socia
892 1331 1024 1414 agmina
1046 1336 1079 1395 11

110 1417 168 1480 sub
203 1437 266 1479 uno
301 1418 404 1498 capite
435 1414 560 1478 diuersa
591 1415 637 1478 rei
671 1414 818 1497 publicae
850 1416 993 1478 membra
1028 1437 1077 1479 co-

72 1500 264 1564 malescunt.
302 1500 394 1562 ambo
418 1499 488 1582 pari
509 1498 626 1583 gaudio
648 1498 795 1561 feruntur
821 1499 987 1562 exercitus.
1026 1499 1078 1563 hic

110 1606 206 1668 opera
229 1605 285 1648 sua
307 1583 440 1667 gaudet,
464 1582 517 1647 hic
538 1583 650 1646 uenia:
676 1586 809 1666 uterque
832 1583 976 1646 uictoria.

173 1667 338 1731 XXXVII.
375 1669 444 1732 Nec
465 1668 520 1750 pia
541 1665 708 1730 Haemona
731 1668 943 1747 cunctantius,
967 1668 1022 1731 ubi
1044 1671 1076 1731 te

110 1753 220 1815 adfore
234 1753 429 1832 nuntiatum,
453 1751 598 1839 impulsis
618 1753 719 1814 effusa
733 1751 835 1834 portis
858 1752 986 1816 obuiam
1004 1773 1077 1835 pro·

109 1837 232 1899 uolauit
254 1839 299 1913 et,
329 1839 365 1896 ut
393 1839 442 1898 est
471 1856 566 1899 omne
589 1835 780 1899 desiderium
802 1838 875 1918 post
903 1857 992 1919 spem
1018 1837 1076 1900 im·

70 1942 96 1981 so
109 1919 297 2003 patientius,
323 1940 437 2001 parum
460 1918 591 1982 credens
613 1921 722 2000 patere
745 1920 886 1983 uenienti
908 1920 1077 1984 festinauit

109 2025 273 2067 occursare
296 2005 442 2068 uenturo.
483 2003 579 2088 fingit
601 2003 743 2086 quidem,
766 2007 803 2067 ut
824 2005 955 2087 scimus,
978 2005 1077 2068 timor

109 2088 276 2173 gaudium,
312 2088 367 2151 sed
394 2088 440 2152 ita
468 2088 598 2152 intimos
626 2089 743 2151 mentis
771 2088 904 2152 affectus
930 2088 1077 2173 proditor

110 2174 216 2236 uultus
244 2172 392 2236 enuntiat
415 2174 506 2237 utin
529 2172 657 2256 speculo
679 2173 833 2236 frontium
860 2173 967 2270 imago
990 2177 1076 2237 extet

110 2257 299 2321 animorum.
344 2258 434 2321 uelut
455 2257 511 2320 1111
538 2257 650 2321 ciuitas
673 2258 811 2342 elonga
839 2256 1004 2321 obsidrcne
1027 2279 1075 2322 re-

71 2342 251 2424 asspirans,
288 2342 372 2423 quod
410 2363 479 2404 eam
513 2345 670 2425 tyrannus
703 2342 840 2424 Alpibus
876 2341 1076 2406 obiacentem

108 2429 273 2508 tamquam
301 2425 377 2488 belli
405 2425 504 2489 limen
537 2427 721 2508 attriuerat,
758 2429 851 2490 tanta
882 2447 916 2490 11
949 2430 981 2489 11
1007 2430 1075 2490 tam

108 2509 246 2593 simplici
274 2509 468 2573 exultatione
495 2510 637 2574 iactabat
657 2514 708 2593 ut,
738 2511 773 2573 ni
801 2514 885 2574 esset
912 2532 989 2574 uera
1011 2511 1075 2576 lae·

108 2593 194 2676 titia,
228 2593 356 2657 mimica
383 2593 553 2657 uideretur.
597 2595 744 2658 ferebant
772 2616 805 2657 se
834 2595 947 2659 obuiae
975 2595 1074 2678 tripu-

109 2677 266 2740 diantium
296 2679 450 2741 cateruae.
495 2681 610 2742 cuncta
634 2681 731 2743 cantu
759 2682 792 2742 et
814 2680 943 2743 crotalis
965 2701 1073 2763 perso·

69 2781 95 2820 11
109 2762 241 2826 nabant.
293 2762 345 2850 hic
378 2761 439 2825 tibi
470 2762 668 2845 triumphum
705 2762 835 2846 chorus,
873 2763 928 2827 ille
960 2768 1074 2828 contra

175 3021 190 3068 2
209 3018 372 3069 deferebant
390 3017 470 3085 1111111
488 3024 503 3071 3
521 3019 564 3069 1111
582 3017 698 3083 11111118
716 3018 880 3070 necessitati
898 3015 977 3084 11119
996 3034 1073 3069 oscu-

107 3084 141 3134 lis
160 3085 308 3135 Acidaliac:
332 3088 360 3136 in
379 3087 523 3137 1111111111
552 3085 562 3152 ΙΙ
594 3090 624 3136 14
643 3087 732 3138 diuisa
749 3090 775 3136 ia
792 3089 815 3134 Δ
833 3103 888 3136 esre
904 3087 972 3149 false
989 3088 1075 3150 refert

107 3152 255 3217 Schefferar
275 3150 285 3217 ΙΙ
310 3155 341 3202 17
360 3153 506 3205 Hacinona
525 3155 601 3206 Bert.
624 3152 633 3218 ΙΙ
659 3158 690 3206 18
708 3154 863 3219 preuolauit
880 3162 928 3203 w·
962 3156 995 3204 23
1013 3154 1073 3204 fon-

107 3221 175 3271 tium
191 3221 218 3268 11
236 3218 313 3272 Bert.
332 3218 614 3288 (11111111011111111
632 3225 668 3285 11,
686 3223 904 3274 1111111ιί1111
958 3223 991 3272 25
1010 3222 1074 3271 sub·

107 3290 240 3340 iacentem
253 3288 387 3338 Acidaliae
404 3285 413 3354 [l
430 3291 462 3339 28
482 3291 590 3339 mimica
606 3293 714 3354 scripsi:
732 3290 816 3340 nimia
832 3292 860 3337 Η
876 3293 907 3339 ut
925 3303 986 3340 esse
1005 3304 1074 3339 uera

108 3356 224 3419 laetitia,
243 3356 289 3406 uel
308 3357 373 3420 quia
392 3357 486 3422 nimia,
506 3357 645 3407 uideretur
662 3359 795 3408 Acidaliae
813 3361 844 3407 111
862 3357 951 3408 inesse
969 3358 1075 3408 seueris

108 3422 219 3538 laet'ptia
237 3424 321 3475 nimia
339 3423 479 3474 uideretur
497 3426 632 3488 Witbofias
648 3430 750 3490 specim.
771 3425 892 3476 Gaatber.
910 3441 937 3490 p.
955 3426 991 3475 83
1009 3422 1019 3488 ΙΙ
1041 3428 1074 3476 19

106 3494 169 3541 cota
181 3493 205 3541 is
223 3493 239 3540 (1
517 3510 520 3517 ·
