2294 3780
405 154 567 207 TRAIANO
586 157 620 206 n.
646 157 755 207 ss-so.
1019 157 1061 221 55

91 303 294 368 simillimum
321 322 384 368 esse
404 304 548 388 priuato,
583 305 737 370 consulem
765 325 861 386 quoru
889 304 1060 370 dissimilli·

92 408 184 450 mum
205 386 326 451 deceat.

159 469 228 534 LX.
249 472 357 554 Atque
373 492 432 555 ego
447 471 541 535 uideo
556 471 699 555 proximo
717 493 801 536 anno
818 473 999 536 consulatus
1014 495 1061 536 re·

94 555 229 619 cusandi
250 554 334 619 hanc
352 556 558 640 praecipuam
580 556 680 620 fuisse
702 558 860 621 rationem
882 557 967 641 quod
989 579 1062 621 eum
1090 618 1093 623 ,

95 639 211 703 absens
238 660 349 724 gerere
372 661 439 704 non
465 644 602 723 poteras.
644 640 699 704 sed
727 641 790 704 iarn
817 642 890 705 urbi
916 642 1089 725 uotisques

93 723 233 806 publicis
262 723 403 788 redditus
431 724 506 807 quid
529 727 578 789 est
603 726 638 788 in
661 746 722 808 quo
744 726 847 810 magis
877 725 920 789 sis
949 746 1061 809 appro-

95 808 228 872 baturus
251 829 333 891 quae
347 813 530 892 quantaque
544 808 666 872 fuerint
682 830 762 892 quae
777 809 1061 874 desiderabamus?

93 913 210 988 parum
233 896 282 957 est
302 895 339 955 ut
359 894 394 955 in
416 893 536 957 curiam
557 894 678 972 uenias,
700 894 763 957 nisi
786 898 819 958 et
833 914 1006 977 conuocas3
1026 898 1063 957 ut

95 976 226 1040 rntersis
249 978 384 1056 senatui,
406 977 469 1041 nisi
493 980 525 1041 et
547 977 724 1061 praesidem
752 981 788 1041 ut
816 981 982 1043 censentes
1006 1001 1060 1042 au·

95 1059 175 1143 dias,
197 1061 260 1124 nisi
283 1064 317 1125 et
337 1082 500 1158 perrogas
537 1063 587 1125 uis
608 1061 688 1125 illud
711 1064 972 1147 augustissimum
987 1083 1061 1126 con·
1076 1080 1101 1122 ro

94 1143 201 1208 sulum
228 1145 372 1208 tribunal
400 1145 572 1229 ahqnando
604 1147 763 1210 maiestati
798 1168 874 1210 suae
907 1146 1061 1211 reddere?

95 1228 243 1292 ascende.
293 1229 342 1292 uis
379 1235 525 1294 constare
561 1233 774 1295 reuerentiam
810 1231 1063 1314 magistratibus,

94 1313 125 1376 le
152 1312 221 1377 'bus
254 1314 489 1397 auctoritatem,
520 1314 709 1378 modestiam
736 1313 972 1397 postulatibusi
1010 1315 1063 1376 ad-

97 1398 124 1462 si
148 1418 175 1461 e.
214 1397 298 1481 quod
321 1398 406 1461 enirn
428 1399 598 1462 interesset
618 1397 665 1461 rei
686 1398 844 1480 publicae,
869 1399 895 1461 si
917 1399 1062 1480 priuatus

95 1502 194 1563 esses,
218 1481 381 1545 consulem
402 1485 436 1546 te
457 1482 591 1547 haberet
611 1484 740 1545 tantum
762 1505 803 1546 an
819 1486 851 1546 et
872 1484 1062 1565 senatorem,
1076 1502 1101 1544 rs

95 1565 158 1630 hoc
184 1587 270 1630 nunc
298 1566 378 1631 scito
405 1567 560 1630 interesse
588 1565 766 1650 principem
792 1570 825 1630 te
852 1565 972 1631 habeat
992 1570 1063 1629 tan-

94 1653 165 1713 turn
192 1672 234 1714 an
262 1653 295 1714 et
323 1650 496 1715 consulem.
540 1651 591 1714 his
619 1653 668 1714 tot
694 1651 857 1735 tantisque
884 1651 1063 1714 rationibus

94 1755 289 1818 quamquam
327 1735 463 1798 multum
495 1734 650 1799 reluctata
681 1735 874 1799 uerecundia
907 1734 1063 1819 principis

95 1819 200 1881 nostri
241 1819 371 1882 tandem
414 1822 524 1883 tamen
561 1820 667 1884 cessit.
727 1823 761 1883 at
797 1819 1064 1903 quemadmodum

94 1902 215 1967 cessit?
238 1923 304 1966 non
321 1925 354 1966 se
377 1906 414 1966 ut
435 1904 578 1986 priuatis,
603 1904 657 1968 sed
672 1906 709 1967 ut
729 1904 871 1987 priuatos
886 1905 947 1968 sibi
964 1925 1064 2050 pares
1077 1922 1102 1963 ao

95 1987 226 2051 faceret.
270 1987 392 2071 recepit
414 1989 499 2051 enirn
521 1989 650 2052 tertium
678 1988 879 2052 consulatum
906 1992 942 2051 ut
986 1991 1063 2051 aret.

95 2075 233 2134 nouerat
258 2072 509 2137 moderationem
536 2072 710 2150 hominurn,
741 2075 874 2136 nouerat
900 2071 1064 2154 pudorem,

96 2155 153 2238 qui
179 2176 246 2219 non
276 2156 473 2220 sustinerent
500 2157 596 2220 tertio
626 2155 772 2221 consules
800 2177 869 2219 esse
901 2154 964 2218 nisi
993 2176 1065 2218 cum

95 2243 147 2303 ter
170 2239 306 2303 consule.
349 2240 504 2304 bellorum
526 2241 611 2304 istud
633 2240 726 2304 sociis
748 2239 825 2302 otim
846 2244 882 2302 ut
908 2238 1064 2321 periculo·

97 2345 168 2421 rum
192 2324 407 2422 consortibus,
431 2347 526 2408 parce
547 2328 673 2420 tament,
701 2322 901 2386 tribuebatur
922 2322 1007 2419 quod
1028 2324 1102 2385 tuas

96 2406 1065 2576 terratiasatistatis?cestria

95 2597 159 2658 que
180 2576 351 2660 uigilantia
367 2577 538 2642 obstrictus
561 2599 604 2661 es,
620 2576 749 2642 Caesar.
786 2574 841 2640 sed
862 2576 898 2639 in
919 2576 1064 2659 principe

96 2681 208 2724 rarum
230 2682 268 2725 ac
289 2683 389 2746 prope
411 2662 575 2726 insolitum
598 2665 647 2725 est
667 2664 704 2725 ut
725 2683 758 2725 se
780 2664 873 2745 putet
887 2661 1063 2744 obligatum

168 2867 180 2914 l
210 2865 376 2915 simillimum
402 2880 464 2917 esse
492 2868 602 2930 priuato
631 2865 771 2916 consulem
790 2880 870 2928 quam
893 2866 953 2915 add.
975 2863 1065 2927 Cusp:

94 2947 144 2982 ors.
163 2934 192 2980 11
215 2930 226 2997 1
251 2935 432 2994 8conuoees,
450 2936 465 2984 9
484 2934 662 2999 praesideas,
681 2935 714 2982 10
731 2947 864 2997 perrogas
882 2946 907 2980 w
934 2929 944 2996 1
974 2931 1067 2979 11111-

99 2999 186 3048 bunal
203 3000 353 3064 aliquando
371 3001 486 3051 Keiiias:
505 3000 654 3065 aliquando
673 2999 797 3050 tribunal
819 3001 847 3047 Μ
876 2998 886 3065 11
917 3002 948 3050 13
973 3003 1067 3063 postu·

99 3065 203 3118 latibus
220 3070 328 3132 scripsi:
347 3067 553 3132 postulantibus
571 3069 617 3130 111
634 3067 728 3117 adside
740 3069 849 3130 scripsi:
869 3067 944 3116 adire
957 3067 985 3113 11
1002 3065 1068 3114 audi

96 3134 204 3197 Lipsius
222 3134 267 3185 adi
285 3138 344 3185 edd.
356 3133 367 3200 11
386 3138 417 3186 14
436 3136 503 3200 qnid
521 3136 541 3184 B
556 3135 561 3200 1
576 3137 726 3185 interesset
744 3137 819 3184 edd:
837 3135 955 3183 interest
973 3131 1066 3198 111115

95 3200 238 3252 consulem
254 3202 318 3254 hab.
333 3206 361 3253 te
380 3208 536 3252 autentum
550 3208 707 3254 senatorem
719 3203 851 3252 Liuineius
870 3208 1024 3252 senatorem
1038 3205 1066 3249 te

98 3268 163 3318 hab.
181 3274 288 3320 tantum
307 3285 342 3321 an
362 3277 390 3321 ct
408 3271 550 3320 consulem
568 3270 729 3323 Scbwurzius
745 3267 767 3333 ·11
797 3271 830 3319 20
848 3284 930 3334 pares
949 3268 1002 3317 sibi
1021 3264 1056 3330 01

97 3337 132 3386 24
154 3336 238 3387 sociis
261 3339 332 3388 edd:
360 3339 429 3387 ociis
451 3338 478 3385 11
510 3336 515 3401 1
547 3343 578 3387 nt
599 3340 704 3389 addidi:
730 3353 776 3388 om.
794 3339 821 3385 11
850 3335 860 3400 1
889 3337 922 3385 26
945 3333 1053 3398 quidem

95 3402 226 3469 quodque
244 3406 265 3455 B
283 3406 305 3452 V
327 3402 338 3470 1
367 3407 399 3456 27
417 3405 583 3471 praestitisti
601 3406 629 3455 in
647 3410 715 3470 toga
732 3405 836 3455 meritis
848 3405 884 3463 11,
903 3409 1002 3464 scarp.
1021 3400 1068 3448 Li·

94 3486 196 3522 mustus
