2294 3780
109 157 151 222 52
431 164 454 214 1.
486 163 517 214 e.
533 162 649 215 aaran
666 163 747 215 rau.

109 331 170 374 nee
196 311 333 375 fascium
360 313 485 374 tantum
512 311 568 374 sed
594 311 733 393 pilorum
766 313 993 396 signorumque
1020 313 1077 378 ho·

109 417 189 460 nore
206 395 444 460 circumdatum.
471 394 634 478 augebant
648 397 848 460 maiestatem
864 398 1076 482 praesidentis

111 480 229 545 diuersi
246 477 479 562 postulantium
501 477 630 544 habitus
653 502 690 544 ac
703 480 852 546 dissonae
874 503 969 546 uoces
992 504 1075 545 rara-

110 586 170 647 que
196 564 264 626 sine
286 563 460 644 interprete
483 564 596 628 oratio.
637 566 845 650 magnificum
877 570 926 630 est
954 567 1076 630 ciuibus

83 649 187 724 sima,
211 645 286 729 quid
308 645 454 710 hostibus
477 647 631 712 reddere?
669 651 849 733 speciosum
872 653 991 715 certam
1013 651 1078 715 fori

108 752 231 814 pacem,
260 731 338 813 quid
364 731 521 795 immanes
546 754 673 816 campos
695 735 779 798 sella
807 736 907 799 curuli
929 735 1075 798 uictoris·

109 835 170 897 que
192 814 330 898 uestigio
353 836 508 898 premere,
531 817 698 881 imminere
725 819 903 883 minacibus
925 819 1004 902 ripis
1026 822 1077 883 tu·

108 901 177 961 tum
199 899 414 982 quietumque,
444 921 594 982 spernere
621 900 774 965 barbaros
803 902 950 967 fremitus
977 902 1076 966 hosti-

107 982 233 1066 lemque
255 988 410 1047 terrorem
425 1005 491 1047 non
513 1004 673 1047 armorum
689 987 792 1069 magis
808 1008 904 1068 quam
925 991 1076 1070 togarum

71 1087 96 1125 10
109 1067 324 1131 ostentatione
342 1068 565 1152 compescere?
588 1069 697 1150 itaque
712 1089 779 1131 non
800 1071 833 1132 te
856 1071 941 1152 apud
963 1071 1075 1154 imagi-

108 1171 177 1234 nes,
202 1151 258 1215 sed
280 1151 385 1235 ipsum
406 1154 609 1235 praesentem
632 1151 874 1235 audientemque
896 1153 1075 1216 consaluta-

107 1236 188 1300 bant
224 1236 464 1320 imperatorem,
502 1257 698 1320 nomenque,
736 1235 819 1319 quod
856 1236 911 1299 alii
947 1235 1074 1298 domitis

106 1321 263 1402 hostibus,
286 1323 323 1384 tu
345 1321 535 1403 contemptis
557 1320 731 1385 merebere.

171 1405 272 1470 LVII.
295 1404 384 1468 Haec
404 1404 473 1467 laus
495 1405 560 1468 acti
581 1403 778 1489 consulatus3
801 1404 858 1468 illa
879 1403 1077 1486 dilati-quod

69 1507 94 1548 15
109 1489 212 1553 adhuc
234 1488 328 1552 initio
350 1488 559 1573 principatus,
582 1494 618 1552 ut
639 1490 884 1553 iamexcuratus
898 1487 1075 1551 honoribus

108 1575 140 1636 et
162 1571 317 1655 expletus,
341 1572 544 1635 consulatum
565 1575 730 1654 recusasti,
755 1593 849 1654 quem
876 1573 954 1635 noui
975 1573 1075 1654 impe-

107 1659 228 1721 ratores
256 1656 450 1720 destinatum
478 1655 549 1718 aliis
583 1657 618 1719 in
651 1678 684 1720 se
716 1655 963 1720 transferebant.
1013 1656 1077 1718 fuit

107 1742 203 1805 etiam
226 1741 336 1824 quiin
357 1740 557 1824 principatus
580 1740 629 1803 sui
656 1740 719 1804 fine
742 1741 952 1820 consulatum,
981 1760 1076 1822 quem

107 1824 237 1888 dederat
258 1824 336 1908 ipse,
359 1845 478 1908 magna
500 1845 538 1888 ex
583 1829 652 1887 arte
674 1825 739 1888 iam
761 1826 889 1907 gestum
912 1829 1077 1907 extorque-

69 1928 94 1969 ao
107 1912 156 1972 ret
178 1912 211 1972 et
233 1912 367 1992 raperet.
394 1908 455 1971 hoc
471 1928 547 1991 ergo
559 1847 694 1989 honore,
718 1929 812 1991 quem
828 1910 860 1972 et
882 1907 1075 1990 incipientes

106 1994 269 2077 principes
297 1996 329 2056 et
356 1992 538 2056 desinentes
565 1992 643 2056 adeo
666 1993 899 2075 concupiscunt
925 1996 962 2054 ut
991 1992 1077 2054 aufe-

107 2081 192 2162 rant,
215 2081 251 2141 tu
274 2077 374 2140 otioso
396 2080 591 2140 ac·uacante
613 2076 749 2159 priuatis
772 2076 907 2139 cessisti.
938 2076 1074 2139 inuidio-

109 2183 204 2227 susne
232 2162 300 2225 erat
328 2163 384 2224 aut
413 2159 474 2224 tibi
500 2161 614 2224 tertius
646 2160 830 2225 consulatus
854 2163 910 2223 aut
938 2158 1078 2242 principi

107 2246 251 2331 primus?
282 2267 358 2308 nam
381 2243 554 2310 secundum
576 2246 751 2328 imperator
773 2243 913 2327 quidem,
937 2242 996 2305 sub
1019 2243 1077 2305 im-

69 2349 95 2389 25
132 2334 255 2396 oratore
282 2334 394 2393 tamen
421 2329 520 2411 inisti,
550 2328 693 2412 nihilque
721 2328 874 2410 imputari
901 2329 936 2390 in
959 2347 995 2390 eo
1025 2327 1087 2389 uel

108 2353 224 2479 honori
246 2417 354 2496 potest
370 2414 420 2477 uel
443 2414 587 2496 exemplo
602 2414 666 2478 nisi
689 2412 884 2496 obsequium.
922 2411 968 2474 ita
989 2432 1078 2493 uero,

109 2519 190 2581 quae
221 2498 334 2562 ciuitas
363 2498 532 2581 quinquies
560 2499 654 2580 atque
682 2498 778 2560 etiam
807 2497 907 2560 sexies
932 2494 1078 2559 consules

108 2582 200 2665 uidit,
222 2603 288 2645 non
310 2582 382 2645 illos
404 2583 459 2664 qui
482 2581 647 2663 expirante
670 2582 734 2643 iam
756 2580 904 2643 libertate
933 2601 990 2662 per
1012 2578 1078 2641 uim

110 2687 147 2730 ac
169 2666 343 2730 tumultum
366 2664 568 2744 creabantur,
591 2664 645 2727 sed
668 2665 782 2746 quibus
805 2664 954 2746 sepositis
978 2666 1009 2726 et
1026 2662 1080 2725 ab·

73 2751 256 2815 cosentinus
285 2751 320 2813 in
349 2771 423 2812 rura
452 2770 508 2812 sua
531 2749 714 2811 consulatus
737 2747 932 2829 ferebantur,
961 2748 996 2810 in
1018 2746 1079 2809 hac

112 2837 243 2900 ciuitate
264 2834 396 2898 tertium
412 2831 612 2897 consulatum
634 2833 782 2915 princeps
796 2832 924 2916 generis
946 2831 1079 2893 humani

111 2924 148 2982 ut
170 2940 380 3003 praegrauem
401 2917 578 2982 recusasti?
616 2919 749 2980 tantone
770 2916 906 2999 Papiriis
930 2916 1025 2978 etiam
1048 2918 1081 2978 et

113 3003 253 3078 Quintiis
286 3002 480 3066 moderatior
508 3003 673 3086 Augustus
709 3005 742 3065 et
768 2999 886 3066 Caesar
919 3002 952 3063 et
986 3002 1081 3082 pater

181 3209 196 3257 5
215 3209 274 3258 fore
292 3210 344 3256 BV
357 3205 395 3272 116
414 3202 521 3272 pacem]
542 3206 697 3270 partem'P.
712 3204 797 3254 Faber
811 3201 821 3268 ΙΙ
834 3206 865 3253 11
886 3204 1082 3255 consultabant

114 3279 131 3324 0
160 3274 170 3341 ΙΙ
201 3278 233 3325 15
252 3279 398 3325 excuratus
416 3277 525 3338 scripsi:
545 3277 692 3323 excusatus
710 3273 738 3319 Μ
762 3272 918 3322 exsatiatus
938 3272 1012 3336 Gusp.
1026 3269 1036 3335 ΙΙ
1050 3273 1082 3320 17

114 3343 199 3393 fuerit
217 3344 237 3392 B
255 3341 265 3407 ll
283 3345 315 3392 25
334 3347 427 3391 tamen
444 3340 532 3404 inisti]
551 3341 667 3391 tenuisti
685 3353 710 3387 w
722 3337 732 3405 ll
745 3341 778 3389 26
795 3343 886 3404 potest
904 3353 941 3387 w:
959 3344 1038 3404 potes
1056 3339 1083 3386 H

116 3408 128 3477 ll
149 3412 181 3461 32
199 3424 377 3475 praegrauem
390 3411 467 3458 VW:
486 3422 647 3474 pergrauem
661 3406 726 3471 cs!
743 3408 867 3473 papirius
885 3407 967 3456 etiam
986 3405 1084 3471 (etiam

115 3495 160 3533 om.
174 3477 207 3526 W
223 3479 250 3529 r‘n
269 3493 322 3529 ras.
342 3480 359 3527 4
376 3475 436 3541 titt.)
456 3481 484 3528 et
503 3477 615 3541 quintus
632 3477 673 3539 Ι,
691 3490 760 3529 corr.
780 3488 804 3522 w
817 3471 826 3538 ΙΙ
840 3476 872 3525 33
889 3473 1045 3526 moderator
1063 3477 1081 3523 0
