2294 3780
102 113 145 175 40
429 114 451 168 Ι,
482 113 510 164 0.
528 113 645 164 PLINII
661 114 741 164 PAN.

102 262 229 326 diuersa
263 267 378 328 natura
412 261 587 325 dominatio
621 265 653 324 et
685 261 895 344 principatus
928 263 974 325 ita
1002 284 1070 327 non

101 347 174 412 aliis
204 369 272 413 esse
300 347 477 430 principem
509 346 684 491 gratiorem
713 367 822 428 quam.
842 347 894 428 qui
929 348 1068 410 maxime

102 431 266 497 dominum
289 432 473 514 gradentur.
536 449 570 493 os
593 450 669 513 ergo
697 429 847 511 prouehis
870 433 902 491 et
923 433 1069 494 ostentas

102 518 192 600 quasi
220 516 381 598 specimen
409 516 442 576 et
468 513 639 596 exemplar,
669 533 749 594 quae
777 513 838 575 tibi
860 516 947 575 secta
969 514 1089 596 uitae,

75 601 184 684 equod
207 599 373 662 hominum
389 619 491 681 genus
513 596 654 681 placeat,
678 600 710 660 et
724 596 795 659 ideo
817 617 883 659 non
900 617 1066 659 censuram

101 684 215 764 adhuc,
239 703 305 746 non
327 681 560 765 praefecturam
583 701 706 744 morum
728 679 886 762 recepisti,
909 681 984 761 quia
1006 681 1066 742 tibi

100 766 264 831 beneficiis
291 766 517 848 potiusquam
544 764 692 828 remediis
714 763 846 848 ingenia
874 766 984 827 nostra
1013 785 1065 827 ex-

99 850 197 933 periri
225 850 343 933 placet.
388 850 420 912 et
447 849 589 996 alioqpin
617 849 725 912 nescio
754 871 795 911 an
824 848 897 932 plus
925 849 1067 912 moribus

102 934 248 998 conferat
268 933 415 1016 princeps
439 932 493 1015 qui
543 953 622 996 onos
651 954 720 996 esse
748 933 870 1015 patitur
891 954 984 1016 quam
1012 935 1066 1016 qui

62 1036 87 1074 10
101 1018 197 1100 cogit.
234 1017 389 1082 flexibiles
411 1037 641 1100 quamcumque
669 1019 704 1080 in
731 1019 857 1100 partem
879 1018 1025 1081 ducimur
1048 1041 1068 1081 a

98 1102 245 1185 principe
268 1105 371 1183 atque,
393 1104 431 1163 ut
452 1101 499 1164 ita
521 1101 634 1184 dicam,
664 1123 817 1185 sequaces
837 1122 962 1164 sumus:
991 1101 1066 1165 huic

98 1185 186 1248 enim
209 1185 282 1267 cari,
306 1184 379 1248 huic
402 1185 528 1268 probati
557 1206 625 1249 csse
654 1187 806 1269 cupimus,
835 1186 919 1269 quod
946 1185 1067 1248 frustra

99 1269 303 1352 sperauerint
325 1269 512 1354 dissimilem
537 1291 634 1354 eoque
657 1271 801 1354 obsequii
824 1270 1067 1334 continuatione

99 1353 303 1438 perueninrus
325 1356 361 1417 ut
382 1375 483 1438 prope
505 1376 615 1419 omnes
638 1355 779 1420 hominis
801 1355 894 1418 unius
923 1354 1066 1418 moribus

61 1454 87 1493 1⁵
99 1439 256 1502 uiuamus.
299 1459 394 1520 porro
423 1460 491 1502 non
518 1442 585 1503 tam
613 1440 742 1504 sinistre
777 1440 984 1503 constitutum
1018 1443 1066 1502 est

97 1525 144 1602 ut,
181 1523 235 1605 qui
270 1522 392 1584 malum
422 1523 601 1606 prinoipem
633 1545 809 1607 1111111111,
849 1523 970 1586 bonum
999 1545 1066 1586 non

97 1607 256 1688 possimus
278 1606 409 1669 imitari.
453 1627 552 1688 perge
574 1608 677 1689 modo,
701 1607 827 1686 Caesar,
852 1608 970 1669 etnim
991 1607 1064 1669 effe·

99 1693 249 1774 ctumque
270 1711 421 1753 censurae
436 1692 527 1752 tuum
542 1690 750 1773 propositum,
775 1690 822 1753 tui
838 1690 927 1752 actus
942 1689 1065 1753 obtine-

97 1774 188 1838 bunt.
227 1796 302 1838 nam
324 1774 392 1837 uita
413 1773 567 1855 principis
592 1795 725 1837 censura
753 1775 802 1835 est
831 1794 931 1856 eaque
953 1795 1065 1857 perpe-

62 1861 175 1921 aotua:
198 1857 238 1921 ad
260 1858 342 1920 hano
365 1856 543 1940 dirigimur,
572 1858 611 1919 ad
639 1857 722 1920 hanc
752 1857 976 1940 conuertimur,
1005 1881 1065 1923 nec

98 1946 166 2005 tam
189 1941 323 2025 imperio
346 1941 439 2004 nobis
461 1961 540 2022 opus
563 1943 611 2004 111
633 1963 727 2024 quam
750 1941 904 2024 exemplo.
946 1944 1066 2026 quippe

98 2024 237 2089 infidelis
263 2024 343 2088 recti
370 2024 525 2107 magister
552 2026 890 2089 111111111111111111
918 2025 1065 2091 homines

99 2110 252 2193 exemplis
281 2110 445 2189 docentur,
474 2129 554 2190 quae
582 2111 617 2172 in
645 2109 756 2192 primis
784 2108 845 2173 hoc
873 2110 964 2173 inse
988 2111 1064 2174 boni

98 2195 220 2258 habent
263 2193 324 2256 uod
347 2192 529 2276 approbant
545 2214 627 2276 quae
648 2194 849 2277 praecipiunt
870 2193 939 2257 fieri
960 2216 1061 2277 posse.

62 2293 86 2334 25
162 2215 277 2342 XLVi.
309 2277 353 2340 Et
369 2277 438 2360 quis
452 2279 556 2340 terror
570 2277 723 2341 ualuisset
738 2278 863 2342 efficere
879 2279 961 2361 quod
977 2301 1064 2341 reue-

98 2362 203 2426 rentia
217 2361 266 2424 tui
281 2361 407 2427 effecit?
424 2361 567 2425 obtinuit
578 2362 693 2446 aliquis
709 2365 745 2426 ut
759 2363 974 2446 spectaculum
986 2385 1063 2446 pan·

98 2447 304 2510 tomimorum
319 2445 456 2528 populus
472 2445 636 2509 Romanus
651 2445 722 2510 tolli
736 2451 908 2529 pateretur,
925 2447 980 2511 sed
996 2469 1063 2510 non

98 2528 239 2593 obtinuit
259 2531 296 2591 ut
313 2528 427 2592 uellet:
450 2534 583 2610 rogatus
607 2552 639 2593 11
662 2533 697 2592 tu
720 2532 803 2612 quod
823 2531 957 2614 cogebat
972 2531 1062 2608 alius,

99 2614 266 2696 coepitque
300 2635 369 2677 esse
403 2613 593 2676 beneficium
621 2613 706 2695 quod
738 2616 913 2678 necessitas
945 2614 1061 2677 fuerat.

62 2712 84 2753 ³0
97 2717 201 2780 neque
223 2697 309 2760 enim
332 2719 351 2760 a
372 2699 405 2760 te
427 2697 550 2760 minore
562 2699 721 2760 concentu
742 2700 779 2760 ut
800 2699 929 2762 tolleres
951 2703 1062 2781 panto-

97 2783 210 2845 mimos
233 2804 328 2866 quam
351 2803 369 2844 a
391 2785 482 2864 patre
504 2783 559 2844 tuo
582 2784 618 2845 ut
639 2781 822 2845 restitueret
837 2785 982 2846 exactum
1005 2787 1062 2847 est.

97 2869 266 2950 utrumque
300 2869 401 2930 recte:
442 2887 519 2928 nam
553 2869 586 2930 et
617 2866 742 2930 restitui
782 2867 950 2950 oportebat
982 2889 1063 2951 quos

98 2951 270 3013 sustulerat
291 2951 394 3012 malus
416 2949 566 3033 princeps
590 2954 621 3014 et
642 2949 712 3013 tolli
735 2952 911 3015 restitutos.
953 2952 988 3014 in
1011 2951 1063 3015 his

98 3034 182 3095 enim
206 3055 285 3114 quae
308 3055 326 3095 a
348 3033 440 3096 malis
462 3034 543 3097 bene
565 3035 647 3098 fiunt
668 3034 720 3098 hic
742 3036 899 3099 tenendus
922 3038 970 3098 est
997 3058 1062 3100 mo-

165 3223 180 3269 3
199 3219 318 3270 dominio
336 3234 360 3268 w
381 3218 391 3285 11
413 3224 427 3271 7
447 3219 548 3287 potins]
568 3224 643 3285 prius
661 3223 721 3272 BV
742 3222 752 3288 ΙΙ
776 3227 806 3274 10
825 3221 908 3289 cogit]
928 3226 998 3289 tegit
1016 3228 1032 3274 0
1056 3224 1058 3289 1

97 3291 200 3351 patrem
218 3288 251 3333 W
272 3285 282 3352 ΙΙ
305 3289 335 3338 13
355 3294 537 3352 sperauerant
554 3292 589 3349 Η,
608 3306 677 3340 corr.
697 3306 713 3355 ς
734 3288 744 3356 ΙΙ
770 3293 801 3340 14
819 3291 935 3341 hominis
954 3295 1063 3356 scripsi:

97 3354 220 3403 homines
237 3357 272 3415 111,
293 3357 359 3404 delet
379 3357 407 3405 G.
422 3357 457 3405 H.
472 3357 626 3420 Scbueserus
644 3355 653 3422 ΙΙ
677 3361 706 3408 17
726 3360 861 3422 possimus
881 3361 946 3408 ew:
965 3374 1062 3424 possu-

98 3437 156 3472 mus
174 3423 194 3470 B
213 3424 234 3470 V
256 3420 266 3487 ΙΙ
288 3425 321 3472 24
340 3424 547 3488 praecipiuntur
566 3440 582 3489 ς
602 3426 766 3476 [1111111111
