2294 3780
276 171 487 224 THEODOSIO
506 170 677 223 AUGUSTO
698 172 732 222 D.
750 173 859 224 38-40.
988 170 1050 236 307

81 321 235 386 bentibus
251 321 340 406 equis
360 324 393 384 et
407 321 544 386 stellatis
563 321 707 405 apicibus
726 320 871 405 insignes
886 321 1052 405 puluerem

84 427 291 490 cruoremque
313 403 533 470 Thessalicum
559 407 648 490 aquis
670 405 796 470 Tiberis
824 405 990 471 abluentes
1020 409 1053 471 et

82 491 251 556 nuntiasse
273 489 441 555 uictoriam
464 494 496 555 et
518 490 691 576 imputasse
713 490 876 556 militiam:
909 512 965 555 our
985 511 1052 555 non

83 580 160 640 tuae
187 575 395 659 publicaeque
423 575 586 640 uindictae
619 576 799 640 confessam
827 575 966 661 aliquam
994 576 1053 640 im·

83 661 228 724 mortalis
258 660 309 725 dei
343 680 450 724 euram
482 663 629 743 putemus
662 659 834 724 adnisam?
876 661 940 725 nisi
967 660 1078 724 fortes

84 745 239 809 maiorem
260 744 361 808 diuini
375 744 495 808 fauoris
518 766 647 829 operam
668 766 719 810 res
733 744 881 810 Romana
900 745 1054 829 poscebat

86 829 293 894 Macedonico
310 828 456 913 augenda
472 850 573 914 regno
589 850 684 913 quarn
698 830 868 913 tyrannico
885 829 1054 895 eximenda

86 914 227 979 seruitio.
257 935 317 998 ego
338 934 426 996 uero,
450 913 477 977 si
499 914 633 978 caeleste
657 913 797 979 studium
810 937 877 1062 pro
895 914 1054 1000 dignitate

87 1020 255 1064 causarum
277 997 511 1063 aestimandum
527 998 578 1081 sit,
601 999 669 1063 iure
691 1002 807 1063 conten
832 999 910 1063 erim
932 1000 1054 1083 equites

85 1088 159 1148 tuos
181 1083 330 1169 Pegasis,
359 1083 513 1147 talaribus
535 1082 657 1167 pedites
685 1088 796 1148 uentos
824 1105 860 1148 ao
882 1104 1054 1167 suspensos
1068 1102 1094 1142 ro

85 1168 196 1232 fuisse.
240 1189 343 1252 neque
370 1168 469 1247 enim,
499 1168 574 1252 quia
596 1189 630 1232 se
653 1168 763 1232 diuina
791 1167 979 1233 mortalibus
1002 1167 1054 1232 de·

87 1253 119 1316 di
145 1257 265 1316 nentur
278 1253 382 1336 fateri,
404 1252 522 1317 ideirco
544 1274 626 1336 quae
647 1252 717 1317 uisa
737 1275 803 1317 non
823 1251 946 1317 fuerint
965 1252 1055 1317 dubi·

86 1274 226 1401 tabimus
249 1337 345 1416 facta,
373 1358 446 1401 oum
467 1336 554 1400 facta
576 1337 739 1402 uideamus
761 1358 841 1421 quae
864 1337 1056 1402 dubitaueri-

87 1443 159 1485 mus
182 1442 250 1486 esse
271 1421 426 1486 facienda.

153 1505 219 1570 XL.
253 1506 401 1591 Anguste
422 1506 588 1570 fortunam
610 1509 707 1589 tuam,
729 1505 914 1589 imperator,
939 1526 1055 1589 expen·
1068 1525 1094 1567 rs

66 1589 146 1674 -dis,
170 1591 314 1674 quisquis
336 1591 368 1654 id
384 1590 421 1654 de
437 1593 470 1654 te
484 1593 611 1655 tantum
632 1589 717 1674 quod
732 1591 802 1654 fieri
816 1592 924 1674 potest
946 1589 1055 1654 credit.

88 1696 131 1739 an
155 1696 224 1758 ego,
247 1696 318 1739 eum
342 1675 382 1740 ab
398 1674 534 1758 Alpibus
550 1674 640 1740 Iuliis
663 1674 764 1738 otioso
781 1674 957 1759 feriatoque
971 1674 1056 1738 ferro

88 1780 154 1822 non
176 1759 331 1843 proelium
353 1759 450 1823 fuisse
472 1758 608 1843 uideam,
631 1759 686 1825 sed
701 1759 910 1858 triumphum,
933 1758 1057 1823 dubita·

87 1844 190 1908 nerim
205 1843 296 1908 illam
310 1843 482 1928 specialem
496 1845 656 1928 quandam
670 1843 834 1909 felicitatis
848 1848 924 1909 tuac
939 1843 1057 1908 dixisse

88 1928 263 1992 militiam?
307 1931 424 1994 seimus
447 1929 583 2013 quidem,
606 1931 792 2014 imperator,
819 1929 919 1993 itate
942 1932 1096 1994 cunctam

89 2012 331 2079 administrasse
357 2017 393 2077 ut
419 2034 484 2077 non
512 2015 639 2096 possint
666 2036 700 2078 se
721 2014 780 2077 tibi
803 2014 961 2096 imputare
989 2035 1058 2078 suo-

89 2118 212 2180 eessus,
235 2097 290 2162 sed
312 2097 443 2162 fatearis
465 2116 594 2161 necesse
617 2100 666 2161 est
687 2100 842 2181 quantum
862 2100 895 2160 te
917 2097 954 2160 in
975 2097 1059 2162 bello

89 2185 217 2246 tantum
240 2182 419 2246 Fortunam
440 2183 528 2245 tuam
556 2182 660 2267 egisse
683 2184 756 2265 post
776 2180 904 2245 bellum.
951 2181 1002 2244 cui
1030 2182 1059 2244 si

88 2287 201 2330 uocem
224 2266 334 2331 demus
356 2271 389 2331 et
410 2266 548 2330 indicem
554 2315 563 2346 ,
593 2286 701 2331 nonne
722 2265 846 2348 prolixe
869 2286 960 2329 suam
982 2287 1058 2329 enu-

88 2350 227 2414 merabit
255 2372 383 2434 operam
414 2355 461 2433 et,
498 2353 534 2414 ut
561 2349 732 2416 uirtutibus
760 2351 824 2414 tuis
854 2350 956 2413 multa
986 2371 1058 2415 oon·
1071 2368 1098 2410 as

89 2434 199 2515 cedat,
227 2436 288 2500 sibi
310 2435 416 2519 aliqua
438 2434 641 2500 uindicabit?
676 2439 708 2499 et
730 2456 802 2518 our,
832 2446 1059 2519 quaes0,'n0n

89 2519 202 2584 demus
224 2523 261 2583 ut
282 2521 474 2604 accipiamus
501 2520 789 2671 utriusquepartis
817 2523 956 2604 asserta,
987 2541 1060 2585 eum

89 2604 135 2668 sit
167 2626 246 2688 quae
279 2605 392 2669 uicerit
422 2604 509 2670 tua?
555 2606 647 2670 audio
708 2605 905 2670 onstantiem
938 2605 1060 2670 dicere:

90 2689 224 2752 ‘bellum
260 2693 350 2754 atrox
383 2689 658 2774 periculosumque
691 2691 844 2775 susocpi'3
884 2710 1061 2755 memorare

90 2772 302 2838 Patientiam:
335 2775 537 2839 ‘immensum
559 2775 621 2839 iter
637 2797 698 2858 per
716 2778 842 2858 tempus
864 2775 942 2838 anni
961 2793 1100 2859 grauem

89 2879 219 2942 semper
241 2863 379 2942 armata,
408 2881 504 2943 saepe
526 2859 633 2924 ieiuna
654 2858 819 2943 toleraui'3
852 2862 961 2922 tenere
983 2858 1061 2923 Pru·

89 3016 208 3024 *—
218 3017 295 3024 ..-—.-

161 3100 176 3146 2
204 3101 372 3149 eruoremA
401 3097 411 3165 ΙΙ
440 3102 456 3149 4
481 3098 610 3150 confessa
636 3097 702 3148 mali
725 3113 807 3164 quam
829 3100 868 3158 Π,
898 3114 966 3150 corr.
990 3113 1016 3148 ur
1047 3098 1059 3165 ll

90 3169 108 3216 5
131 3165 257 3215 adnisam
279 3167 370 3218 Bere:
397 3168 560 3217 aduisamb
583 3166 710 3218 adnixum
733 3172 792 3216 cett.
822 3164 832 3231 ΙΙ
861 3168 877 3215 6
901 3167 1021 3218 feruoris
1038 3169 1062 3217 Α

93 3232 107 3298 {l
141 3235 172 3282 12
191 3233 435 3295 dubitauimus1‚
463 3250 533 3286 corr.
553 3248 579 3283 ur
607 3232 618 3301 l
648 3237 679 3285 15
702 3237 819 3300 auguste
837 3235 896 3283 Δῦ
925 3231 935 3299 ΙΙ
969 3237 1002 3284 24
1018 3235 1061 3284 iu-

89 3301 179 3350 dicem
199 3303 239 3363 Η,
262 3317 332 3352 corr.
350 3301 559 3366 Eyssenhardtuc
592 3300 602 3368 ΙΙ
635 3305 668 3353 26
689 3301 848 3353 uindicauit
865 3303 889 3351 Α
917 3299 927 3366 ΙΙ
957 3304 990 3352 30
1012 3316 1062 3366 per

91 3370 198 3418 addidi:
221 3385 267 3419 om.
285 3371 313 3416 Ι
341 3367 411 3434 n'tl
437 3383 521 3434 saepe
537 3370 561 3418 Δ
581 3369 669 3424 Bere:
696 3384 805 3435 semper
822 3369 843 3417 B
861 3369 879 3416 0
897 3370 920 3417 V
939 3366 995 3433 W}
1021 3374 1062 3420 te·

90 3432 292 3554 pierelkreferre
312 3438 443 3487 Liuineius
461 3451 605 3488 recensere
623 3442 664 3489 uel
679 3437 792 3489 tendere
811 3438 945 3488 Acidaliae
963 3437 1061 3487 iterare

134 3518 168 3566 cp
187 3519 271 3554 emtus

40 3564 47 3685 *q
79 3674 83 3681 Ι
868 3588 926 3638 ao=
