2294 3780
113 123 174 188 168
426 126 488 176 vu.
514 123 664 175 iaceam
681 123 761 176 aar.

111 274 250 339 Romani
272 274 399 358 imperii
413 273 562 337 fiduciam
585 294 667 357 quae
690 273 728 337 de
744 273 846 356 captis
867 272 1010 338 hostium
1025 273 1082 338 du·

112 359 202 423 cibus
224 359 402 424 uindictam
423 361 526 422 morte
550 357 702 422 sumebat.
750 361 828 422 tunc
851 359 937 422 enim
959 359 1081 443 captiui

111 464 205 528 reges
233 465 305 507 cum
327 465 345 506 a
366 443 468 526 portis
495 463 595 527 usque
622 442 661 506 ad
684 443 788 506 forum
809 443 1080 527 triumphantium

112 549 223 592 currus
248 527 490 608 honestassent,
519 527 711 611 simulatque
732 528 767 591 in
789 526 985 625 Capitolium
1012 550 1081 592 cur-

85 631 182 676 arum
197 611 326 676 flectere
349 615 497 695 coeperat
510 611 695 695 imperator,
719 611 843 696 abrept1
865 611 900 676 in
919 633 1080 677 carcerem

112 696 320 761 necabantur.
365 718 448 761 unus
470 695 582 760 Perses
608 697 678 780 ipso
700 695 800 761 Paulo
828 697 883 781 qui
911 695 1081 762 dedentem

113 802 147 845 se
169 783 335 864 acceperat
355 780 547 864 deprecante
569 781 674 864 legem
697 780 783 844 illius
805 781 986 846 seueritatis
1009 803 1082 846 eua-

113 865 163 929 sit.
201 865 298 928 ceteri
321 886 432 929 ornnes
453 866 489 929 in
509 865 647 930 uinculis
669 865 740 929 luce
761 866 880 949 priuati
902 865 974 930 aliis
997 866 1081 952 regi-

112 949 172 1012 bus
189 948 303 1012 dedere
321 948 547 1014 documentum
569 955 606 1014 ut
628 949 762 1014 mallent
776 950 952 1015 amicitiam
975 951 1082 1016 colere

74 1052 101 1091 ιο
112 1032 293 1097 Romanam
316 1054 411 1116 quam
438 1055 623 1117 exasperare
645 1034 817 1099 tristitiam.
863 1036 942 1100 adeo
965 1039 998 1100 et
1018 1035 1082 1100 hoc

113 1117 189 1181 boni
218 1117 343 1182 confert
364 1139 468 1202 poena
494 1117 639 1183 hostibus
663 1121 805 1204 irrogata
830 1123 955 1184 utnon
977 1120 1082 1185 solum

113 1202 235 1266 inimici
256 1202 392 1267 ferocire
420 1223 486 1267 nou
513 1204 668 1287 audeant,
699 1203 874 1268 sedetiam
902 1204 996 1269 amici
1022 1205 1081 1269 im-

112 1286 243 1370 pensius
265 1290 434 1353 reuereant
475 1337 482 1352 .

176 1370 233 1436 XI.
284 1372 366 1437 Inde
392 1373 493 1456 igitur
521 1375 584 1456 est,
615 1372 660 1436 im
684 1375 804 1454 erator,
835 1394 899 1457 pax
925 1375 990 1437 ista
1018 1394 1085 1457 qua

75 1471 101 1512 15
113 1454 258 1520 fruimur.
308 1478 411 1540 neque
445 1456 531 1521 enim
565 1457 629 1521 iam
686 1456 761 1521 honi
794 1456 990 1542 gurgitibus,
1025 1458 1082 1523 sed

113 1540 253 1603 nominis
280 1542 328 1605 tui
356 1545 479 1604 terrore
511 1541 681 1604 munimur.
733 1542 909 1624 quamlibet
936 1542 990 1606 ille
1024 1545 1083 1606 aut

115 1627 238 1688 arescat
260 1629 350 1688 aestu
371 1627 426 1688 aut
447 1624 578 1688 resistat
594 1625 679 1708 gelu,
702 1628 816 1689 neutro
833 1626 934 1690 hostis
952 1627 1083 1691 audebit

114 1708 161 1771 uti
184 1708 275 1771 uado.
320 1707 402 1771 nihil
425 1709 512 1772 enim
533 1711 601 1771 tam
623 1709 830 1793 insuperabili
855 1711 942 1775 uallo
965 1715 1085 1776 natura

113 1791 292 1873 praecludit
321 1790 405 1874 quod
438 1813 505 1855 non
531 1796 679 1875 penetret
711 1795 855 1878 audacia,
890 1797 940 1859 cui
973 1796 1085 1881 aliqua

76 1892 102 1932 ao
115 1874 252 1938 conandi
285 1896 357 1957 spes
391 1875 600 1972 relinquatur.
649 1878 705 1975 ille
729 1883 789 1975 ⁸est
818 1880 1083 1977 inexpugnabilis

114 1979 230 2107 ills.
251 1960 598 2131 tristante?
614 1965 763 2130 titt·
789 1968 914 2112 ῃίῗέἒῗ
928 1986 1028 2112 tlt
1044 1985 1083 2114 1⁸1?

114 2128 227 2192 benter
250 2128 418 2214 admittas,
447 2130 503 2195 sed
523 2153 584 2196 nec
606 2132 773 2196 uictoriam
795 2136 930 2215 possunt
952 2155 1084 2217 sperare

114 2234 175 2276 nec
197 2214 334 2280 ueniam.
378 2215 454 2298 quid
475 2216 563 2299 ipsos
586 2220 731 2299 maneat,
756 2237 794 2279 ex
817 2238 927 2301 regum
951 2238 1083 2282 suorum

76 2311 101 2354 2⁵
116 2298 308 2363 cruciatibus
323 2300 501 2364 metiuntur
520 2300 654 2385 ideoque
668 2304 796 2364 tantum
812 2301 903 2365 abest
924 2305 960 2365 ut
976 2303 1083 2366 amnis

114 2381 200 2447 illius
227 2385 399 2448 transitum
427 2384 616 2466 moliantur,
649 2385 753 2470 magis
780 2390 816 2448 ut
844 2406 899 2450 coc
922 2389 955 2449 to
982 2390 1084 2470 ponte

114 2465 294 2550 desperent.
338 2469 394 2532 ubi
421 2490 510 2532 nunc
537 2472 587 2533 est
612 2467 668 2532 illa
692 2469 836 2535 ferocia?
880 2409 934 2534 uti
956 2491 1085 2556 semper

114 2550 213 2613 infida
244 2552 430 2615 mobilitas?
474 2553 539 2616 iarn
567 2574 609 2617 ne
635 2555 749 2636 procul
776 2555 904 2638 quidem
932 2554 1084 2620 Rhenum

115 2632 238 2698 audetis
266 2636 407 2700 accolere
435 2640 467 2700 et
489 2637 543 2700 uix
567 2637 670 2700 securi
692 2638 826 2702 flumina
851 2639 1005 2704 interiora
1026 2661 1083 2723 po-

77 2718 202 2782 eotatis.
248 2723 361 2783 contra
393 2720 469 2784 hinc
524 2742 559 2784 er
589 2720 761 2787 interualla
790 2722 945 2806 disposita
976 2726 1083 2810 magis

114 2806 233 2868 ornant
248 2803 384 2869 limitem
407 2743 536 2870 castella
558 2826 653 2889 quam
672 2809 857 2892 protegunt.
900 2811 970 2873 arat
991 2809 1083 2873 illam

182 2975 197 3022 6
215 2976 313 3026 Perses
325 2977 454 3041 Lunpius:
473 2992 522 3041 pro
541 2991 569 3028 se
586 2978 614 3025 Π
629 2977 634 3041 l
650 2978 697 3041 qui
714 2977 859 3030 dedentem
871 2980 946 3031 Bert.
958 2993 996 3029 w:
1016 2980 1082 3045 quid

113 3040 235 3091 edentem
253 3042 280 3089 ir
304 3041 308 3107 Ι
341 3045 404 3094 tee
422 3041 494 3109 acc.]
515 3060 622 3110 suscep.
639 3046 673 3094 W
697 3044 702 3110 Ι
725 3045 797 3111 legia
813 3046 888 3097 illiue
908 3049 1082 3098 seueritatem

113 3109 298 3159 Ritterstusr'ua
316 3107 366 3174 110
384 3111 525 3162 tristitiam
543 3114 652 3178 scripsi:
669 3114 807 3165 iustitiam
823 3112 873 3180 aru
886 3117 918 3165 15
936 3115 982 3165 sed
1014 3118 1042 3165 et
1059 3116 1083 3163 Δ

116 3172 128 3240 Η
150 3177 181 3226 19
198 3177 351 3241 praeclusit
368 3180 427 3229 edd.
446 3175 456 3244 ΙΙ
477 3181 509 3228 21
527 3181 640 3231 uirtutis
657 3181 803 3232 Liuineius:
821 3182 919 3232 uirtuti
936 3183 964 3230 Π
999 3197 1082 3246 posse

113 3256 143 3292 ee
160 3243 308 3294 Liuineius:
326 3261 408 3310 posse
425 3248 451 3295 Ι
480 3244 491 3312 ΙΙ
520 3249 553 3298 26
573 3253 670 3313 coepto
688 3254 772 3314 ponte
789 3251 934 3301 Puteanus:
957 3252 1083 3314 coempta

113 3314 197 3376 ponte
216 3308 293 3376 (pote
304 3312 339 3360 W
355 3317 494 3378 potestate
511 3315 538 3378 c)
557 3316 584 3363 ir
602 3315 678 3368 Bert.
697 3323 837 3382 comperta
855 3321 994 3383 potestate
1012 3317 1084 3367 Liui·

113 3379 185 3429 aetus
208 3375 219 3444 ll
244 3380 277 3430 29
296 3381 421 3433 accolere
440 3381 627 3434 Schontour‘ac:
651 3384 783 3435 attollere
800 3387 827 3434 n
846 3384 942 3437 oculos
961 3384 1023 3436 aud.
1042 3389 1088 3434 at*

112 3443 208 3498 tollere
225 3460 250 3496 w
267 3444 278 3512 ll
295 3451 326 3500 31
345 3448 392 3499 ille
410 3452 429 3499 (t
