2294 3780
445 192 663 246 PRAEFATIO.
988 196 1038 247 XV

73 349 110 407 lt
130 348 161 404 ‘a
182 366 233 407 me
257 348 315 406 hoc
336 350 503 426 praecipue
526 348 584 406 hoc
605 349 676 426 piae
700 350 783 407 noeis
807 349 963 408 officium'.
1009 360 1041 409 et

70 435 98 491 iu
125 432 174 491 his
206 431 332 509 quidem
362 432 421 490 iam
443 448 473 492 w
500 432 604 510 priora
630 432 684 490 illa
712 432 875 491 ‘omnibus'
905 442 935 492 et
958 434 1039 492 ‘hoc’

68 526 152 576 recte
175 516 304 576 deleuit.
334 516 389 575 sed
411 515 524 574 talibus
539 517 614 575 locis
637 537 705 575 oum
728 519 902 596 corruptela
923 520 956 575 in
972 537 1041 596 pro-

69 602 174 680 patulo
199 610 294 673 esset,
324 602 384 660 iarn
407 603 439 658 in
461 599 486 658 B
509 599 530 658 0
552 598 579 657 V
601 601 750 665 alterutra
773 622 811 660 ex
834 600 961 660 uocibus
985 601 1041 661 dit·

69 685 230 764 tographis
258 686 352 745 tacite
381 686 492 744 omissa
521 702 581 753 est,
618 704 801 764 quamquam
828 707 891 745 non
920 706 1042 765 semper

69 781 164 829 recta.
208 771 253 829 ita
274 791 305 849 p.
330 770 404 841 118,
433 771 468 825 l‘l
492 767 517 825 B
540 767 561 827 0
583 767 611 827 V
633 769 707 828 ‘scio
730 770 805 829 haec
830 773 970 848 inquam,
994 772 1043 829 uir

69 853 171 933 perf.’‚
196 864 229 912 at
243 851 272 912 A
285 851 325 913 W
341 851 395 929 (=
409 851 455 919 Μ)
481 853 555 911 ‘scio
577 852 636 911 hec
658 855 783 931 inquam
805 854 862 914 hec
885 857 933 914 uir
948 855 1040 933 perf.³

68 939 213 1009 tradunt,
242 938 326 997 unde
349 937 564 1014 corrigendum
587 947 653 996 erat
675 939 761 1011 ‘scio‚
785 939 919 1017 inquam,
942 939 1043 998 haec'.

69 1043 161 1101 porro
184 1043 214 1100 p.
239 1024 309 1093 160,
336 1026 372 1080 11
397 1019 505 1079 BOV
528 1021 671 1080 ‘subitam
694 1021 819 1081 <licendi
841 1023 1041 1095 facultatem,

70 1106 97 1166 Δ
119 1106 268 1165 ‘subitam
290 1106 414 1165 dicendi
438 1106 614 1165 facultatem
630 1104 767 1164 dicendi’
792 1108 917 1184 legunt;
942 1118 972 1167 et
985 1107 1044 1166 hoc

71 1191 198 1270 quidem
221 1192 252 1250 in
267 1190 301 1250 M
325 1191 462 1249 extitisse
485 1188 679 1262 testaturW‚
704 1192 736 1248 in
759 1211 819 1269 quo
842 1202 912 1269 post
935 1191 1042 1250 ‘facul-

70 1278 178 1335 tatem'
202 1294 311 1334 rasura
332 1283 451 1353 septem
473 1275 643 1333 litterarum
666 1285 725 1346 est,
757 1275 840 1333 unde
864 1278 967 1352 priore
990 1296 1042 1352 po·

72 1362 132 1418 tius
156 1358 309 1418 ‘dicendi'
333 1359 435 1418 deleto
466 1357 610 1418 ‘subitam
632 1358 691 1418 fae.
716 1356 852 1417 dicendi'
876 1358 1044 1417 rescribere

77 1443 177 1502 (lebni.
209 1440 268 1502 sed
290 1445 351 1502 iam
374 1445 405 1500 in
429 1445 495 1521 ipso
519 1442 673 1521 Aurispae
696 1442 865 1521 exemplari
886 1442 963 1502 talia
985 1461 1045 1501 me·

74 1528 183 1586 delam·
198 1536 288 1587 erant
310 1547 417 1605 passa3
445 1529 529 1585 cuius
552 1528 596 1587 rei
619 1527 894 1585 luculentissimum
916 1528 1045 1606 praebet

70 1612 249 1690 exemplum
275 1632 302 1689 p.
328 1613 400 1681 162,
428 1614 464 1668 15
495 1609 670 1689 ‘generauit
697 1610 798 1670 adhuc
820 1620 885 1670 toto
914 1629 1046 1691 corpore

69 1698 210 1774 uigens’,
247 1695 301 1754 ubi
327 1695 353 1754 B
376 1695 395 1753 0
417 1695 446 1753 V
467 1694 506 1755 W
534 1697 609 1755 ‘toto
638 1694 738 1754 adhuc
767 1698 916 1773 eorpore',
958 1708 990 1755 at
1019 1695 1046 1755 A

71 1782 158 1838 ‘toto
188 1778 287 1839 adhuc
315 1789 379 1837 toto
409 1782 552 1858 corpore’
588 1779 719 1851 habent,
760 1799 851 1858 quam
885 1781 1045 1860 archetypi

70 1866 261 1941 scripturam
289 1884 354 1922 non
381 1876 462 1922 recte
491 1866 598 1942 utique
626 1866 791 1923 correxisse
815 1866 980 1944 Arrrispam
1008 1883 1047 1923 ex

73 1947 187 2007 codice
207 1948 411 2017 Bertiniensi,
436 1947 475 2005 de
499 1968 559 2025 quo
576 1951 684 2015 ¹statim
708 1949 880 2019 disseretur,
906 1960 1046 2027 apparet.

74 2032 164 2091 idem
183 2033 290 2092 uitium
311 2034 442 2091 sortasse
465 2053 492 2111 p.
513 2034 582 2105 156,
602 2034 640 2091 13
657 2046 687 2091 et
704 2034 773 2104 189,
793 2036 809 2090 7
834 2033 908 2092 alibi
932 2033 1046 2092 subest.

143 2115 212 2176 Scio
236 2117 301 2176 fore
324 2118 377 2195 qni
395 2118 542 2176 mirentur
564 2115 648 2195 quod
671 2137 734 2175 non
750 2116 864 2195 ubique
888 2118 1047 2196 archetypi

72 2201 108 2260 1
132 2199 327 2260 lectionesA
348 2204 478 2259 maxime
503 2211 533 2258 et
547 2200 586 2261 W
606 2200 693 2259 libris
717 2203 838 2259 innisus
862 2202 980 2259 omissis
1003 2221 1047 2259 re·

75 2287 233 2364 liquorum
254 2284 279 2343 B
302 2284 323 2345 0
343 2285 372 2343 V
393 2286 577 2344 testimoniis
602 2286 795 2344 restituerim.
841 2284 896 2343 sed
920 2286 1049 2361 primum

80 2388 137 2427 nec
157 2368 188 2428 Δ
217 2370 362 2427 uitiorum
391 2369 509 2427 scribae
538 2370 628 2448 culpa
656 2371 881 2428 commissorum
908 2369 1048 2427 immunis

80 2473 138 2513 nec
158 2451 200 2513 W
227 2453 348 2530 integer
374 2472 429 2512 est.
482 2453 595 2512 deinde
623 2473 697 2512 uero
732 2474 794 2512 non
823 2462 943 2512 tantum
975 2453 1050 2511 mihi

77 2538 197 2616 sumpsi
227 2546 261 2595 ut
288 2538 427 2595 omnibus
458 2540 530 2596 loeis
559 2538 634 2615 quid
663 2540 694 2596 in
722 2538 756 2597 Η
784 2539 876 2597 suerit
904 2540 1049 2616 scripturn

75 2642 137 2700 pro
162 2630 246 2680 certo
267 2622 458 2683 affirmarem.
484 2642 550 2681 cunr
565 2625 746 2700 praesertim
766 2624 840 2681 uiris
858 2622 954 2681 doctis
970 2622 1050 2681 hanc

77 2725 196 2763 nouam
226 2705 264 2764 de
293 2706 448 2764 codicibus
479 2705 718 2784 disputationem
749 2708 799 2764 nel
829 2705 1051 2784 comprobandi

77 2791 135 2848 uel
158 2789 324 2848 refellendi
338 2790 469 2848 facultas
494 2811 556 2849 non
581 2789 647 2847 dari
662 2793 795 2869 potuerit
818 2792 878 2849 nisi
898 2793 1050 2867 integram

77 2874 226 2933 lectionis
249 2875 428 2934 uarietatem
454 2873 638 2932 exhibendo.
675 2875 808 2952 denique
831 2875 888 2933 hoc
911 2873 1049 2933 conside·

54 3004 57 3009 .
77 2958 215 3017 randum
238 2969 312 3017 crat.
342 2979 409 3016 cum
433 2961 515 3016 eninr
536 2958 610 3016 mihi
633 2980 688 3036 pro
710 2962 786 3017 meis
806 2959 924 3017 uiribus
939 2959 1051 3017 Italiae

76 3054 206 3102 tanturn
229 3041 476 3119 Germaniaeque
499 3042 701 3101 bibliothecas
728 3045 913 3120 perscrutari
935 3045 1051 3114 liceret,

79 3147 96 3185 e
126 3147 162 3185 re
193 3127 292 3185 uisum
319 3136 364 3186 est
392 3138 425 3185 ut
454 3130 482 3185 ei
510 3129 562 3205 qui
591 3137 708 3186 ceteras
733 3129 891 3205 Europae,
921 3130 1052 3186 maxime

76 3212 273 3281 Parisiuam‚
301 3210 502 3271 bibliothecas
525 3211 757 3290 peruestigandi
780 3232 890 3270 munus
913 3222 983 3289 post
1005 3231 1053 3270 me

77 3295 234 3374 suscipiet
261 3304 405 3374 suppetat
433 3306 611 3375 apparatus,
643 3317 681 3355 ox
703 3316 762 3374 quo
791 3297 839 3354 eui
862 3297 1052 3375 potissimum

79 3382 176 3440 classi
207 3399 304 3440 nouus
327 3383 457 3459 quisque
479 3381 558 3439 liber
586 3383 624 3439 sit
647 3380 867 3439 adscribendus
892 3379 1058 3438 ‹liiuclicari

78 3465 193 3544 possit.
225 3465 333 3542 quodsi
356 3468 402 3522 cui
421 3466 583 3547 eontigerit
599 3467 757 3551 Aurispae
783 3467 977 3547 exemplaris
1000 3480 1075 3538 epo-
