2294 3780
290 182 547 238 coussaumuo
565 185 746 240 Aucusro.
765 189 840 238 r-s.
992 186 1051 250 187

78 331 297 414 suscepimus,
327 333 418 417 quasi
447 334 512 397 iam
539 334 774 419 indulgentiam
802 357 898 419 quam
921 335 1050 400 daturus

79 437 153 480 cras
177 415 373 482 haberemus.
420 419 644 483 exornauimus
673 420 742 482 uias
768 420 883 502 quibus
907 421 941 483 iu
964 421 1051 503 pala·

78 501 162 565 tium
189 502 390 585 peruenitur,
424 524 563 586 paupere
592 503 720 588 quidem
754 504 960 587 supellectili,
996 504 1052 568 sed

78 586 224 649 omnium
245 586 340 670 signa
363 586 578 671 collegiorum,
607 589 751 653 omnium
774 588 904 653 deorum
926 591 1049 652 nostro

78 691 152 733 rum
186 669 357 735 simulacra
389 671 608 756 [protulimus]
615 722 624 755 ,
662 673 854 756 paucissima
891 673 1076 739 clarorums

78 755 295 819 instrumenta
323 756 523 820 modulorum
545 779 602 840 per
625 757 814 841 compendia
841 759 969 842 saepius
990 758 1051 822 tibi

77 844 250 903 occursura
294 839 471 903 rotulimus.
509 841 624 905 diuites
647 864 705 906 nos
729 844 871 908 crederet
892 843 947 928 qui
970 843 1050 906 ueri-

78 926 181 988 tatem
219 926 270 987 stu
296 925 324 988 'o
357 925 551 992 aestimaret.
602 926 657 989 sed
694 929 780 991 enim
812 927 1050 1011 prouidentiam

77 1012 170 1071 tuam
199 1007 298 1072 latere
331 1029 397 1071 non
426 1010 533 1091 potuit
562 1011 708 1092 quamuis
735 1012 816 1075 bene
849 1012 1049 1076 dissimulata

78 1095 269 1176 paupertas:
290 1093 479 1157 intellexisti
495 1094 674 1158 officiosam
689 1100 721 1159 et
734 1096 901 1160 honestam
916 1098 1048 1180 inopum
1063 1117 1088 1155 ιο

77 1178 268 1241 uanitatem.

142 1260 200 1325 IX.
245 1261 366 1344 Sponte
395 1283 454 1325 nos
480 1262 519 1326 ad
543 1263 684 1326 numinis
706 1264 754 1326 tui
778 1264 899 1327 aditum
923 1285 1050 1345 uocare,

78 1348 194 1430 sponte
217 1345 326 1428 affari,
349 1349 465 1430 sponte
487 1347 563 1430 quid
584 1348 654 1431 opis
678 1347 928 1410 desideraremus
950 1348 1049 1410 inter·

76 1451 194 1516 rogare
228 1430 378 1515 dignatus
412 1452 456 1495 es.
505 1431 583 1495 haec
616 1434 706 1514 sunt,
744 1431 934 1514 imperator,
972 1452 1049 1495 uera

76 1514 236 1579 beneficia
262 1537 343 1598 quae
371 1536 439 1579 non
460 1516 607 1599 precibus
633 1516 827 1602 efflagitata,
856 1517 912 1580 sed
933 1539 972 1580 ex
994 1538 1048 1580 uo·
1062 1536 1087 1577 rs

76 1599 221 1663 luntaria
247 1603 304 1663 tua
325 1600 471 1664 bonitate
493 1601 690 1683 proueniunt
718 1605 751 1665 et
774 1602 853 1665 citra
874 1600 971 1664 ullam
994 1622 1048 1684 po-

75 1685 168 1748 tendi
201 1683 381 1748 molestiam
413 1684 612 1767 adipiscendi
649 1685 848 1770 uoluptatem
880 1686 1046 1750 dederunt.

76 1789 183 1851 neque
211 1769 297 1832 enim
325 1769 417 1852 parui
453 1770 576 1852 negotii
612 1772 660 1833 est
692 1771 918 1853 imperatorem
949 1770 1048 1834 totius

76 1853 165 1917 orbis
194 1873 251 1936 pro
279 1874 313 1917 se
341 1851 545 1936 peculiariter
572 1876 699 1939 rogare,
731 1856 790 1919 sub
815 1859 924 1919 tantae
952 1855 1049 1918 maie

77 1937 171 2001 statis
190 1940 322 2020 aspectu
336 1937 511 2020 perfricare
528 1937 676 2020 frontem,
698 1940 823 2004 uultum
845 1960 1045 2023 componere,
1062 1958 1088 1998 so

78 2021 267 2086 confirmare
289 2025 449 2102 animum,
477 2022 576 2086 uerba
602 2025 785 2106 concipere,
815 2023 1048 2106 intrepidanter

77 2106 199 2189 dicere,
234 2109 309 2188 apte
342 2106 503 2189 desinere,
540 2111 708 2189 expectare
740 2127 938 2189 responsum.
989 2106 1047 2169 has

76 2211 189 2254 omnes
211 2189 436 2272 difficultates,
467 2191 655 2274 imperator,
684 2190 894 2255 uerecundiae
917 2193 1048 2253 nostrae

77 2274 245 2358 remisisti,
278 2296 346 2339 non
368 2275 473 2340 solum
500 2274 584 2338 ultro
607 2274 826 2358 percontando
851 2274 928 2357 quid
949 2295 1048 2337 reme-

77 2359 125 2424 dii
145 2380 360 2443 posceremus,
384 2360 439 2424 sed
462 2359 558 2423 etiam
573 2359 634 2422 tibi
656 2360 718 2442 ipsi
740 2358 943 2443 suggerendo
967 2377 1048 2439 quae
1061 2374 1086 2415 ss

77 2465 139 2509 nos
161 2444 356 2527 tacebamus,
381 2444 456 2508 dum
478 2465 536 2508 nos
559 2444 700 2507 iacentes
722 2442 763 2507 ad
778 2443 873 2526 pedes
889 2447 963 2506 tuos
987 2440 1048 2505 ele-

77 2529 295 2593 mentissimo
314 2528 436 2593 attollis
465 2530 575 2592 affatu.
626 2527 764 2592 uidimus
798 2527 1048 2592 misericordiam

77 2618 168 2678 tuam
191 2614 374 2678 umentibus
403 2613 503 2676 oculis
525 2613 731 2677 eminentem.
776 2613 868 2676 ibant
888 2633 946 2696 per
967 2612 1047 2675 haec

76 2720 134 2763 ora
148 2698 308 2781 lacrimae,
331 2698 480 2762 lacrimae
495 2698 588 2761 nobis
608 2697 774 2775 salutares,
796 2697 857 2760 tibi
872 2697 1046 2781 gloriosae:

77 2787 112 2846 et
132 2803 195 2849 nos
216 2782 356 2848 inuicem
378 2783 443 2845 iam
462 2782 570 2846 dolore
585 2781 729 2846 discusso
750 2781 904 2844 flebamus
919 2781 1047 2864 gaudio.
1062 2799 1088 2838 ao

77 2889 155 2931 nam
177 2867 262 2931 sicut
283 2888 378 2952 agros
401 2866 553 2930 diuturno
581 2866 692 2930 ardore
721 2865 866 2928 sitientes
890 2864 1048 2948 expetitus

132 3041 146 3088 1
157 3040 365 3103 susceperimus
370 3038 453 3096 Bert,
463 3041 512 3088 sed
520 3040 585 3088 idem
590 3055 616 3102 p.
625 3041 682 3101 186,
694 3040 728 3088 28
739 3046 766 3086 et
776 3036 893 3100 quodam
902 3053 956 3086 cam
965 3039 1021 3088 rell.
1035 3034 1046 3097 ,ἶ

77 3109 95 3156 5
112 3107 278 3171 protulimus
290 3109 340 3160 del.
353 3107 487 3170 Jeeperus,
506 3109 612 3155 alterum
624 3109 639 3156 t.
655 3110 671 3154 7
682 3107 814 3156 Liuineius
827 3102 837 3169 ΙΙ
851 3107 881 3154 12
899 3119 998 3154 uocare
1011 3117 1048 3152 w:

78 3189 198 3224 uocatas
214 3177 242 3223 Π
259 3174 335 3224 Bert.
365 3172 377 3240 ΙΙ
407 3177 438 3224 13
456 3174 516 3237 opis
533 3174 580 3220 W:
599 3187 667 3236 opus
684 3175 707 3221 Δ
724 3175 744 3222 Β
763 3174 780 3220 0
799 3173 821 3219 V
844 3170 854 3238 fl
886 3173 916 3222 18
934 3172 1048 3236 impera-

79 3247 168 3292 torem
181 3254 219 3291 w:
239 3243 429 3305 imperator!
442 3239 451 3305 {l
466 3242 496 3289 19
516 3239 623 3304 peculia
636 3242 713 3291 terA
728 3241 732 3302 Ι
749 3241 813 3290 subs
825 3240 848 3288 Δ
860 3236 870 3303 ΙΙ
883 3241 916 3290 20
934 3245 1050 3304 aspectu

77 3310 228 3360 Acidaliae:
246 3308 349 3360 affectu
367 3310 393 3356 tt
448 3311 479 3358 21
499 3308 696 3372 intrepidanter
713 3309 863 3357 Acidaliae:
880 3307 1050 3370 trepidanter

77 3375 161 3440 (·tem
177 3378 211 3437 Δ)
229 3379 257 3425 1
275 3375 334 3443 1122
353 3384 417 3440 apte
449 3382 545 3441 aperte
561 3373 621 3440 Wl
642 3377 675 3426 24
692 3375 825 3425 remisisti
842 3375 915 3423 edd:
933 3375 1060 3422 renuisti

76 3441 147 3507 (ren.
167 3442 200 3508 Δ)
217 3446 245 3492 1
259 3444 264 3510 l
279 3443 351 3494 ultro
369 3447 392 3493 Δ
408 3457 445 3494 w:
465 3444 538 3496 ultre
556 3451 616 3496 cett.
629 3441 687 3511 ll‘lb
703 3443 846 3494 lacrimae
859 3439 1007 3488 lacrimas
1017 3436 1078 3481 W.

77 3510 210 3562 lacrimae
226 3514 249 3560 Δ
265 3513 288 3560 Β
304 3513 324 3560 0
342 3513 364 3561 V
