2294 3780
132 169 193 233 106
428 171 477 221 111.
514 168 568 220 oa.
588 168 799 220 1111111111

130 321 298 404 repentina
326 319 465 383 hostium
493 317 582 382 clade
605 320 802 400 promotum,
833 316 947 380 omitto
971 315 1097 380 Sarma-

129 405 194 468 tiae
221 404 434 468 uastationem
462 423 709 486 oppressumque
738 401 933 484 captiuitatis
958 400 1096 463 uinculis

130 487 342 572 Saracenum,
384 488 481 552 etiam
517 487 573 551 illa
607 508 687 570 quae
721 506 881 549 armorum
916 487 1096 548 uestrorum

129 577 250 636 terrore
282 573 368 636 facta
406 575 482 634 suut
526 570 615 635 uelut
655 571 750 634 armis
788 573 881 654 gesta
921 572 1096 652 praetereo,

105 657 273 720 ultraneos
303 658 342 720 ad
370 655 543 740 petendum
576 677 686 738 pacem
718 676 790 718 cum
825 675 901 738 rege
930 653 1097 718 uenientes

129 740 346 825 Parthumque
368 741 461 805 uobis
488 761 654 803 munerum
676 738 837 802 miraculis
860 737 1096 802 blandientem:

129 846 247 888 nouam
268 825 347 889 mihi
369 846 513 909 propono
536 824 662 888 dicendi
683 823 787 908 legem
810 827 860 905 ut,
893 844 964 886 cum
987 824 1097 885 omnia

129 909 239 973 uidear
261 910 354 973 silere
377 931 457 993 quae
480 931 603 973 summa
624 909 705 991 sint,
730 907 895 971 ostendam
917 911 1026 970 tamen
1047 907 1096 970 in-

130 1014 198 1057 esse
220 994 365 1057 laudibus
388 993 504 1057 uestris
527 993 591 1057 alia
613 993 742 1057 maiora.

91 1098 116 1137 10
194 1077 249 1142 VI.
301 1077 389 1153 Quae
416 1078 515 1162 igitur
540 1076 596 1140 illa
623 1078 721 1142 sunt?
766 1078 867 1159 pietas
895 1079 1018 1157 uestra,
1049 1096 1097 1138 sa·

130 1163 305 1226 cratissima
333 1163 522 1246 imperator,
549 1164 644 1244 atque
665 1161 812 1226 felicitas.
858 1182 934 1223 nam
957 1160 1097 1242 primum

130 1247 286 1330 omnium,
309 1250 429 1331 quanta
450 1249 557 1311 uestra
580 1249 630 1310 est
651 1267 727 1331 erga
750 1246 826 1309 deos
849 1243 975 1327 pietas?
1016 1265 1096 1327 quos

129 1332 193 1393 aris
227 1333 418 1410 simulacris,
457 1331 586 1414 templis
621 1329 777 1412 donariis,
810 1330 925 1393 uestris
960 1327 1097 1412 denique

129 1417 312 1479 nominibus
341 1417 503 1498 ascriptis,
540 1416 697 1479 adiunctis
729 1414 924 1498 imaginibus
957 1413 1096 1476 ornastis

91 1516 117 1557 15
131 1501 368 1581 sanctioresque
391 1499 514 1563 fecistis
543 1500 689 1582 exemplo
711 1503 837 1563 uestrae
864 1497 1094 1562 uenerationis,

129 1604 216 1646 nunc
238 1583 323 1646 enim
346 1604 420 1646 uere
440 1583 586 1647 homines
608 1582 873 1667 111111111111111
896 1604 933 1646 ac
954 1585 1096 1665 potestas

129 1666 270 1748 deorum,
292 1688 363 1730 cum
386 1672 451 1730 tam
466 1668 610 1749 impense
633 1668 779 1730 colantur
801 1690 820 1730 a
839 1667 941 1731 uobis.
971 1665 1095 1749 deinde,

129 1751 161 1812 id
182 1752 267 1833 quod
284 1751 423 1814 maxime
445 1751 576 1815 deorum
599 1752 828 1816 immortalium
851 1773 924 1814 cum
939 1749 1096 1833 religione

130 1835 334 1899 coniunctum
357 1840 418 1917 est,
447 1838 566 1918 quanta
593 1839 718 1900 uosmet
739 1836 876 1900 inuicem
903 1834 1022 1918 pietate
1045 1855 1096 1898 co-

91 1916 211 1981 11111111
246 1940 326 2001 quae
354 1919 439 1982 enim
465 1941 617 2002 umquam
644 1921 752 1984 uidere
780 1919 908 1984 saecula
932 1919 1032 1982 talem
1060 1918 1097 1982 in

129 2023 253 2066 summa
272 2006 429 2086 potestate
450 2004 675 2069 concordiam?
703 2005 758 2088 qui
775 2004 919 2090 germani
934 2002 1096 2088 geminiue

129 2087 245 2151 fratres
267 2089 405 2152 indiuiso
426 2090 620 2173 patrimonio
642 2094 709 2153 tam
731 2089 939 2173 aequabiliter
961 2091 1097 2151 utuntur

129 2192 223 2254 quam
250 2194 308 2237 uos
342 2173 417 2237 orbe
445 2173 618 2238 Romano?
664 2195 702 2237 ex
730 2195 792 2257 quo
821 2172 964 2256 profecto
992 2172 1095 2235 mani-

128 2256 245 2321 festum
270 2261 319 2321 est
341 2261 517 2323 ceterorum
538 2257 704 2322 bominum
726 2259 851 2321 animas
874 2278 943 2321 esse
957 2255 1094 2319 humiles

90 2359 116 2399 25
130 2346 162 2405 et
190 2342 338 2424 caducae,
375 2347 498 2407 uestras
525 2365 600 2407 uero
630 2343 782 2407 caelestes
814 2345 846 2406 et
874 2341 1093 2424 sempiternas,

129 2427 312 2490 obtrectant
332 2428 471 2491 inuicem
493 2427 553 2490 sibi
576 2427 714 2490 artifices
737 2447 868 2511 operum
885 2425 1093 2506 sordidorum,

129 2512 178 2571 est
199 2510 282 2573 inter
297 2511 448 2576 auloedos
471 2511 569 2574 etiam
592 2532 727 2575 canorae
748 2511 838 2574 uocis
855 2510 987 2592 inuidia,
1011 2508 1095 2572 nihil

129 2591 264 2674 danique
292 2596 359 2657 tam
386 2595 450 2657 uile
478 2597 606 2675 tamque
638 2595 770 2679 uulgare
799 2598 848 2659 est
880 2597 968 2658 cuius
995 2593 1093 2677 parti-

129 2676 215 2757 cipes
238 2676 402 2760 malignis.
417 2677 637 2741 aemulationis
661 2678 800 2742 stimulis
821 2681 952 2742 uacent:
988 2681 1094 2741 uester

89 2777 203 2824 acuero
236 2760 427 2825 immortalis
461 2761 587 2825 animus
619 2763 766 2827 omnibus
795 2763 909 2846 opibus
944 2760 1093 2845 omnique

195 2952 211 2998 3
229 2964 331 2999 sarrae.
343 2949 376 2998 W
393 2947 403 3013 ll
420 2951 435 2999 ὅ
454 2949 600 3013 petendum
613 2951 701 3002 liert:
719 2951 867 3017 petendam
884 2953 911 2999 11
924 2949 934 3014 ll
948 2953 979 3000 10
998 2965 1053 3000 sac.
1067 2951 1094 2998 Η

127 3012 135 3080 ll
154 3018 185 3064 12
204 3022 309 3079 quanta
320 3021 415 3066 uestra
426 3022 468 3066 est
479 3018 544 3066 ΔΨ
554 3018 644 3072 Bert:
663 3023 768 3082 quauta
784 3025 880 3069 uestra
892 3019 912 3068 B
922 3021 938 3066 0
949 3018 970 3066 V
989 3022 1094 3082 quanta

128 3086 172 3132 est
189 3087 284 3132 uestra
302 3085 360 3134 edd.
376 3083 381 3147 Ι
398 3085 485 3149 quod
501 3083 511 3150 ΙΙ
529 3088 561 3136 16
581 3101 713 3150 quaenam
731 3086 889 3151 magnitudo
908 3101 941 3136 ac
959 3092 1015 3150 pot.
1027 3087 1109 3136 Rbe'

127 3165 208 3200 uanus
227 3156 332 3213 quanta
349 3156 406 3216 pot.
420 3152 538 3202 Eldilctus
556 3162 581 3204 et
593 3170 638 3219 epo
657 3155 835 3208 1111111216
854 3158 960 3218 quanta
979 3154 1015 3203 sit
1034 3158 1092 3217 pot.

127 3217 164 3266 H.
174 3217 295 3268 Ruetlius
307 3221 323 3268 l.
334 3223 348 3268 l.
359 3217 434 3284 1811
448 3221 478 3270 17
493 3236 542 3270 cur
553 3235 578 3270 w
594 3220 597 3285 Ι
614 3219 723 3287 deinde]
739 3222 857 3286 denique
867 3218 1011 3336 Bertplqto
1024 3234 1093 3284 quae

127 3284 200 3334 enim
211 3298 340 3349 umquam
351 3287 453 3337 Raetia
467 3302 537 3351 quae
548 3289 716 3354 nimiuquam
729 3288 809 3353 (quae
818 3288 903 3350 Bert.)
916 3289 939 3337 Δ
975 3294 1032 3351 ert,
1046 3290 1095 3337 sed

127 3353 152 3400 in
157 3352 204 3402 boc
209 3355 346 3416 expunctis
356 3353 413 3404 ulla
422 3361 549 3418 unquam.
559 3370 630 3420 quac
639 3357 815 3421 unquamb
826 3370 896 3419 quae
905 3355 963 3405 ulla
972 3370 1093 3419 unquam

127 3418 173 3468 GV
185 3416 195 3484 ll
207 3421 239 3469 21
246 3421 436 3484 geminiqch
448 3419 458 3487 ΙΙ
470 3423 561 3472 acciti
570 3423 712 3474 inuicemo
724 3421 735 3488 ΙΙ
747 3422 916 3473 2111111111
925 3426 1032 3487 scripsi:
1042 3422 1093 3473 ali-

127 3500 196 3550 quos
205 3489 233 3536 Ι
242 3487 312 3539 11111
322 3488 530 3554 amentaretur
543 3488 552 3556 ll
565 3491 661 3541 2811111
671 3491 746 3554 uulg.
753 3495 786 3541 W
797 3487 808 3555 11
821 3490 853 3542 29
863 3490 1060 3542 stimulationis
1069 3492 1092 3540 Δ
