2294 3780
108 159 152 225 30
435 161 457 211 Ι.
493 160 524 211 0.
544 160 658 210 PLINII
676 159 756 212 PAN.

110 310 281 374 seueritate
310 309 422 373 cauisti
451 330 492 371 ne
518 307 652 371 fundata
674 307 798 391 legibus
826 307 939 370 ciuitas
967 328 1077 370 euersa

110 395 236 478 legibus
258 394 429 457 uideretur.
464 393 539 456 licet
562 413 638 475 ergo
661 411 733 455 cum
754 392 886 454 fortuna
907 394 977 454 tum
999 392 1076 455 libe-

108 479 219 541 ralitas
248 480 304 541 tua
330 477 464 540 uisenda
496 475 590 539 nobis
619 476 815 558 praebuerit,
853 478 890 538 ut
918 475 1076 558 praebuit,

109 584 195 625 nune
209 562 357 645 ingentia
378 563 496 624 robora
512 561 657 623 uirorum
675 562 708 622 et
720 581 814 642 pares
831 559 965 641 animos,
989 581 1076 623 nunc

84 645 343 709 simmanitatem
363 645 503 708 ferarum
524 665 611 708 nunc
631 643 908 707 mansuetudinem
929 644 1076 727 incogni-

108 733 185 811 tam,
208 750 294 793 nune
315 732 453 792 secretas
468 729 539 792 illas
562 731 595 791 et
609 749 741 791 arcanas
764 749 801 792 ac
816 728 875 791 sub
888 732 921 791 te
936 728 1091 810 primum.

110 834 293 876 communes
321 833 413 896 opes3
447 813 528 876 nihil
550 815 658 875 tamen
678 813 815 896 gratius,
845 812 927 874 nihil
950 812 1076 876 saeculo

110 896 238 980 dignius
267 917 363 979 quam
385 897 469 979 quod
494 897 632 979 contigit
655 896 788 979 desuper
814 896 933 959 intueri
956 896 1077 960 delato·

84 1002 180 1049 ,rum
202 981 316 1062 supina
339 1001 394 1043 ora
415 983 613 1063 retortasque
636 982 784 1045 ceruices.
823 980 1075 1063 agnoscebamus

71 1084 96 1124 rc
110 1067 142 1127 et
163 1065 356 1147 fruebamur,
385 1087 457 1128 cum
480 1065 569 1128 uelut
589 1064 768 1146 piaculares
790 1064 937 1147 publicae
960 1064 1076 1128 sollici·

107 1149 229 1212 tudinis
244 1149 395 1212 uictimae
417 1171 514 1232 supra
528 1149 721 1232 sanguinem
742 1149 911 1211 noxiorum
933 1148 972 1211 ad
987 1149 1076 1211 lenta

108 1233 265 1316 supplicia
293 1233 520 1316 grauioresque
541 1253 661 1316 poenas
686 1232 885 1296 ducerentur.
931 1233 1075 1316 congesti

109 1317 240 1380 suntin
262 1318 394 1401 nauigia
421 1319 538 1400 raptim
567 1317 746 1400 conquisita
773 1339 811 1380 ac
832 1316 1074 1399 tempestatibus

108 1401 221 1465 dediti:
246 1402 379 1480 abirent,
402 1402 554 1486 fugerent
567 1404 711 1465 uastatas
730 1399 943 1464 delationibus
958 1404 1075 1484 terras3

71 1503 96 1543 rs
109 1505 146 1547 ac
162 1485 188 1546 si
210 1506 304 1566 quem
319 1487 433 1548 fluctus
456 1508 493 1548 ac
508 1485 666 1568 procellae
688 1485 827 1567 scopulis
848 1488 1075 1565 reseruassent‚

107 1567 161 1630 hic
183 1568 269 1630 nuda
291 1590 367 1630 saxa
395 1572 427 1631 et
448 1568 642 1650 inhospitale
669 1569 744 1630 litus
766 1567 936 1649 incoleret,
966 1573 1076 1650 ageret

109 1650 220 1713 duram
241 1654 274 1713 et
289 1651 417 1713 anxiam
437 1652 539 1713 uitam
559 1651 730 1733 relictaque
745 1653 818 1733 post
834 1652 960 1734 tergum
976 1652 1075 1714 totius

107 1735 235 1818 generis
258 1735 390 1797 humani
413 1736 582 1798 securitate
604 1740 770 1798 maereret.

171 1817 304 1886 XXXV.
354 1817 563 1882 Memoranda
597 1818 709 1900 facies,
747 1818 926 1881 delatorum
962 1819 1075 1882 classis

69 1902 264 1984 supermissa
290 1902 438 1966 omnibus
468 1903 575 1966 uentis
604 1905 774 1986 coactaque
802 1903 876 1965 uela
904 1904 1075 1986 tempesta-

108 1985 194 2048 tibus
220 1986 361 2068 pandere
389 1987 549 2070 iratosque
575 1986 691 2050 fluctus
720 1987 827 2070 sequi,
860 2008 1075 2071 quoscumque

107 2069 142 2132 in
164 2070 311 2152 scopulos
332 2070 529 2138 detulissent.
574 2071 706 2136 iuuabat
727 2076 933 2154 prospectare
962 2073 1074 2135 statim

109 2175 128 2216 a
153 2159 250 2237 portu
277 2176 388 2238 sparsa
415 2156 546 2240 nauigia
575 2159 607 2218 et
635 2155 720 2239 apud
747 2155 827 2219 illud
854 2157 959 2238 ipsum
988 2178 1073 2218 mare

109 2258 204 2322 agere
223 2240 364 2323 principi
382 2241 503 2324 gratias
526 2241 580 2325 qui
599 2240 768 2303 clementia
790 2261 846 2303 sua
868 2241 958 2303 salua
980 2240 1073 2302 ultio·

70 2340 95 2380 25
107 2343 181 2385 nem
203 2323 368 2388 hominum
383 2329 602 2408 terrarumque
624 2325 673 2388 dis
693 2325 790 2388 maris
811 2324 1072 2388 commendasset.

108 2411 260 2488 quantum
293 2408 461 2472 diuersitas
489 2413 670 2491 temporum
699 2412 808 2490 posset
839 2411 909 2471 tum
935 2407 1074 2470 maxime

109 2490 274 2570 cognitum
298 2497 359 2572 est,
388 2513 459 2554 cum
481 2492 581 2554 isdem
604 2493 718 2574 quibus
741 2496 836 2555 antea
859 2493 1003 2556 cautibus
1026 2492 1073 2554 in—

107 2572 352 2635 nocentissimus
390 2576 522 2656 quisque
557 2578 634 2637 tuno
672 2577 917 2639 nocentissimus
955 2576 1072 2659 adfige·

108 2657 196 2717 retur
218 2676 352 2738 cumque
371 2657 493 2719 insulas
517 2678 643 2738 omnes,
667 2678 745 2739 quas
766 2659 860 2722 modo
881 2663 1072 2741 senatorum,

70 2755 95 2796 eo
109 2739 173 2801 iam
189 2739 364 2803 delatorum
385 2740 480 2803 turba
496 2741 685 2825 compleret3
709 2763 786 2824 quos
802 2743 928 2826 quidem
950 2766 1017 2807 non
1037 2744 1073 2807 in

107 2845 262 2904 praesens
289 2826 415 2887 tantum
443 2824 498 2887 sed
527 2825 561 2888 in
583 2828 749 2889 aeternum
777 2828 957 2909 repressisti
984 2828 1072 2891 mille

108 2929 284 2990 poenarum
306 2907 459 2990 indagine
481 2909 631 2972 inclusos.
671 2915 813 2992 ereptum
836 2912 956 2974 alienas
979 2934 1072 2994 pecu·

107 2992 177 3054 nias
201 2995 291 3073 eunt3
315 2991 451 3072 perdant
473 3012 550 3075 quas
567 2993 703 3057 habent:
727 2996 885 3077 expellere
903 2997 1072 3075 penatibus

108 3075 268 3157 gestiunt3
306 3076 370 3138 suis
395 3076 603 3140 exturbantur
634 3099 751 3160 neque,
785 3082 821 3141 ut
842 3083 949 3163 antea,
978 3102 1072 3143 exan-

177 3333 208 3379 10
226 3330 381 3394 peculiares
393 3332 425 3378 W
437 3329 446 3396 ΙΙ
461 3334 492 3382 14
509 3337 606 3382 uastas
619 3333 659 3396 W,
679 3349 747 3385 corr.
765 3331 928 3397 m.rec.1123
946 3334 1014 3385 illud
1032 3348 1071 3382 w:

107 3396 184 3446 illum
202 3393 303 3461 Η1127
323 3399 422 3462 quibus
441 3416 486 3448 om.
504 3401 550 3457 W3
571 3402 699 3451 cautibus
716 3407 776 3464 post
793 3400 877 3451 isdem
895 3404 1037 3451 traiecerim
1057 3399 1070 3468 ll

108 3466 141 3515 28
160 3479 232 3514 nunc
244 3465 277 3514 W
288 3462 298 3529 11
311 3469 341 3516 31
362 3462 446 3532 mille]
466 3467 495 3516 iu
512 3466 562 3516 illa
578 3480 603 3515 w
616 3464 625 3532 ΙΙ
638 3470 671 3519 34
688 3471 719 3517 ut
735 3466 827 3534 antea]
848 3473 961 3519 utantur
979 3469 1017 3518 eis
1029 3470 1070 3522 W.
