2294 3780
106 185 167 248 124
392 173 446 238 1v.‘
468 140 627 238 11111111
642 184 780 238 canuc

103 357 163 400 usu
191 337 287 418 atque
314 334 420 397 officio
448 333 619 398 instaurari
647 355 727 418 opus
752 333 831 397 iilud
859 331 972 397 studiis
1002 334 1071 416 qui·

103 419 163 486 bns
192 419 305 501 optimi
327 417 488 500 principes
515 419 652 482 maxime
673 416 786 482 fauent
808 416 990 482 dedicatum
997 444 1015 500 ,·
1035 418 1073 481 in

86 500 175 587 'ipsa
204 501 342 567 ciuitatis
370 501 476 566 fronte
503 503 661 585 positum,
698 501 912 566 celeberrimis
939 500 1072 585 templis

104 588 269 669 utrimque
287 584 503 649 coniunctum.

79 686 92 726 ⁵
169 668 225 733 XI.
253 668 360 752 Nunc,
383 672 469 753 quod
483 669 518 734 in
534 669 709 734 secundum
726 668 924 752 eundemque
936 670 1073 752 proaem

105 753 210 816 locum
226 751 345 832 distuli,
368 753 634 836 quemadmodum
656 753 688 817 id
706 753 775 817 sine
797 755 927 836 sumptu
940 748 1073 836 publico

98 841 139 911 et
167 857 240 900 cum
268 837 362 901 laude
389 859 496 902 sacrae
526 839 574 901 lar
598 836 706 901 itionis
734 837 804 900 fieri
831 837 935 919 pessit
962 838 1072 901 osten·

106 921 188 983 dam.
233 919 383 985 salarium
411 943 461 984 me
482 859 699 987 liberaiiesimi
726 921 886 1004 principes
915 942 954 986 ex
975 920 1072 985 huius

106 1004 151 1067 rei
179 1004 326 1088 publicae
359 1005 480 1070 uiribus
508 1007 543 1071 in
571 1005 715 1070 sexcenis
747 1004 876 1068 milibus
902 1026 1074 1070 nummum

69 1105 93 1144 10
107 1088 250 1171 accipere
278 1089 453 1173 iusserunt,
483 1111 551 1155 nou
579 1091 729 1173 qnoniam
756 1110 823 1153 non
849 1088 986 1172 amplius
1014 1089 1072 1153 tri-

107 1171 203 1236 buere
222 1172 396 1237 commodis
415 1174 494 1237 meis
514 1174 645 1254 uellent,
668 1174 703 1237 in
739 1195 812 1236 uem
833 1172 935 1237 multo
949 1173 1074 1237 maiora

107 1258 140 1320 et
159 1257 248 1340 prius
273 1261 307 1322 'et
327 1259 439 1341 postea
461 1258 604 1342 praemia
624 1195 844 1340 contuierunt,
873 1256 928 1321 sed
950 1260 987 1321 ut
1007 1258 1072 1321 tre·

108 1360 186 1405 cena
212 1342 268 1406 illa
295 1343 456 1425 sestertia,
486 1364 566 1426 quae
588 1362 698 1405 sacrae
725 1341 897 1405 memoriae
919 1341 1074 1425 magister

108 1446 302 1509 acceperam,
325 1426 360 1489 in
374 1426 496 1490 honore
512 1426 630 1511 priuati
644 1426 739 1490 huius
760 1425 942 1510 magisterii
964 1425 1074 1490 addita

69 1511 176 1591 reperi
198 1513 283 1573 sorte
305 1511 516 1593 geminarent.
560 1509 621 1573 hoc
644 1531 702 1595 ego
725 1507 891 1591 salarium,
916 1512 1074 1592 quantum

108 1591 148 1654 ad
163 1593 316 1656 honorem
330 1593 480 1676 pertinet,
505 1595 669 1658 adoratum
693 1594 815 1676 accipio
838 1593 926 1658 etin
949 1593 1074 1678 accepti

107 1675 230 1739 ratione
244 1677 418 1759 perscribo,
442 1676 498 1740 sed
513 1699 688 1761 expensum
709 1677 828 1742 referre
842 1677 966 1761 patriae
984 1699 1075 1743 meae

109 1759 202 1841 cupio
231 1763 263 1822 et
285 1760 325 1823 ad
346 1760 580 1825 rest'tutionem
607 1763 700 1826 huius
722 1762 842 1845 operis,
872 1760 977 1844 quoad
998 1783 1075 1827 usus

107 1843 302 1923 poposcerit,
335 1842 504 1909 destinare.
549 1846 636 1910 cuius
665 1845 840 1910 uoluntatis
871 1867 960 1910 meae
989 1845 1074 1909 ratic

70 1941 95 1980 20
109 1923 169 1988 etsi
191 1927 361 1990 asserenda
382 1948 448 1991 non
471 1932 534 2011 est,
557 1932 665 1993 tamen
687 1930 746 1994 sub
768 1930 828 1994 hac
850 1932 907 1994 tua
926 1930 1077 1993 humani·

108 2010 175 2072 tate
202 2013 235 2073 et
263 2010 537 2076 circumstantium
565 2013 786 2097 expectatione
812 2035 875 2097 qua
896 2034 948 2077 me
970 2013 1076 2078 audiri

110 2093 211 2156 sentio
234 2095 436 2178 aliquatenus
458 2097 677 2182 persequenda
699 2101 758 2162 est.

172 2176 246 2242 XII.
295 2179 379 2244 Nam
407 2181 546 2264 primum
573 2181 715 2246 omnium
744 2181 779 2246 in
800 2181 862 2246 hcc
885 2201 945 2265 ego
972 2180 1076 2245 maxi-

108 2281 178 2325 mos
206 2284 273 2328 esse
300 2264 424 2329 fructus
451 2266 665 2350 praemiorum
687 2271 763 2348 pecto
789 2269 825 2330 ut
847 2264 936 2350 digni
959 2265 1077 2348 quibus

24 2416 28 2424 ,
70 2345 507 2434 15111111111111111111,
538 2350 694 2435 siquidem
721 2350 790 2434 ipse
816 2371 891 2414 usus
918 2349 1077 2432 pecuniae

109 2429 201 2493 bonis
222 2432 356 2496 malisue
379 2434 500 2497 artibus
516 2439 625 2516 partae
639 2434 836 2518 promiscuus
859 2435 892 2497 et
913 2432 987 2497 uilis
1007 2435 1076 2516 est,

109 2511 250 2578 honestis
279 2537 354 2579 uero
381 2517 560 2580 rationibus
587 2539 681 2601 posse
711 2519 873 2601 acquirere
905 2538 1076 2599 summum,

110 2595 235 2659 etiamsi
250 2602 417 2679 quaestum
438 2600 608 2683 remiseris
630 2601 754 2665 lucrum
776 2605 834 2666 est.
862 2622 967 2686 neque
989 2600 1076 2664 enim

111 2677 209 2760 Syrus
228 2684 386 2745 mercator
405 2685 462 2746 aut
476 2682 624 2747 Deliacus
641 2687 696 2748 aut
709 2684 839 2750 Indicus
860 2684 899 2749 ad
914 2684 1077 2749 uberrima

73 2778 98 2817 ³0
110 2761 172 2825 ista
193 2765 383 2847 compendia
403 2766 507 2830 laudis
530 2767 661 2850 aspirat,
686 2769 740 2853 sed
759 2790 851 2833 rarae
874 2773 969 2852 atque
990 2768 1077 2832 inter

111 2847 318 2929 paucissimas
339 2871 413 2933 opes
429 2861 506 2916 sunt
520 2855 689 2917 contentae
707 2854 830 2917 meritis
850 2853 1075 2917 conscientiae.

179 3020 317 3080 bgrauem
330 3036 385 3085 epo,
405 3023 539 3086 potiorem
551 3025 646 3087 Licin,
664 3023 791 3073 ultimum
799 3024 901 3074 Acidal.
915 3024 991 3079 11111
1010 3032 1076 3073 eun·

112 3083 226 3148 demque
244 3089 293 3137 del.
305 3088 427 3139 Gruterus
439 3087 477 3154 119
494 3105 631 3140 nummum
644 3105 681 3140 w:
700 3093 820 3141 numium
832 3091 912 3149 Aac
930 3104 1042 3140 numum
1058 3104 1077 3138 n

111 3152 249 3201 numinum
267 3167 293 3201 m
310 3168 324 3202 r
344 3151 354 3219 ss
375 3156 407 3204 12
425 3160 534 3208 tercena
552 3160 569 3206 0
591 3156 601 3222 n
623 3161 655 3210 13
673 3159 808 3209 sestertia
825 3158 845 3204 B
858 3159 876 3206 0
889 3157 910 3205 V
930 3155 940 3222 ΙΙ
963 3159 995 3207 11
1014 3172 1075 3222 per-

111 3217 202 3268 scribo
212 3218 305 3283 611111..-
318 3223 456 3285 proscribo
465 3227 493 3289 11
502 3225 577 3277 Bert.
592 3223 602 3290 ΙΙ
614 3227 647 3275 11
660 3226 815 3291 proseq.1,
827 3226 936 3274 correxi
969 3225 1003 3275 24
1014 3239 1076 3274 esec

112 3296 150 3331 wi
170 3298 230 3335 sese
248 3288 277 3334 1
299 3286 304 3350 Ι
327 3291 515 3356 1111111111,
536 3308 588 3358 ego
607 3293 726 3344 arbitror
743 3293 873 3343 maximos
891 3305 916 3339 w
939 3289 944 3356 1
975 3293 1008 3343 25
1026 3291 1076 3341 tri-

111 3352 199 3402 buent
211 3353 243 3402 W
261 3355 418 3406 tribunatur
435 3366 563 3423 expuncto
581 3356 754 3410 tribuaturh
773 3357 778 3424 Ι
797 3359 953 3410 habeantur
970 3356 1022 3424 ivn
1042 3360 1075 3409 2⁷

111 3419 278 3471 1111111111-
291 3424 323 3473 28
340 3423 446 3475 lucrum
465 3431 507 3476 est
524 3425 642 3491 1111111
659 3429 691 3476 29
709 3426 836 3478 deliacus
850 3426 929 3477 Νι
947 3424 1076 3476 delinitus

111 3487 131 3535 B
150 3488 167 3534 0
185 3488 207 3535 V
227 3486 237 3554 ΙΙ
261 3493 292 3541 31
311 3493 494 3556 paucissimos
510 3495 550 3557 13
569 3511 603 3543 aa
620 3494 867 3559 paucissimorum?
