2294 3780
281 148 496 201 THEODOSIO
515 146 684 199 AUGUSTO
703 149 737 204 D.
762 151 872 201 40-42.
971 144 973 149 ’
997 144 1062 211 309

93 300 278 364 uoluntaria
301 299 447 364 carnifice
469 320 535 363 non
557 298 706 363 trahente
728 298 921 383 properatio.
964 301 1001 362 ut
1023 298 1062 361 de

93 386 141 449 his
157 388 281 449 taceam
297 385 351 467 qui
373 406 445 449 cum
463 383 538 448 fatis
554 383 670 449 fortius
684 383 883 467 paciscentes
902 382 1062 447 incertum

93 470 212 533 exitum
236 471 322 533 certo
344 472 592 553 occupauerunt,
614 473 651 533 ut
673 467 755 532 nihil
770 467 808 532 de
831 467 931 531 seruis
950 467 1062 550 loquar

93 553 146 636 qui
169 554 302 618 uerbera
324 553 466 618 uitauere
490 552 661 638 suspendio
688 560 721 618 et
742 555 847 617 motus
870 551 986 616 heriles
1009 573 1060 615 us·

93 660 153 721 que
185 638 225 702 ad
258 639 446 722 praecipitia
479 638 647 735 sugerunt:
691 638 762 723 quis
795 658 947 722 umquam
981 636 1087 700 citras

93 744 182 805 spem
203 723 334 786 timuit?
371 723 443 806 quis
465 723 585 787 idcirco
611 726 713 786 semet
733 722 877 788 occidere
899 720 1004 784 noluit
1026 723 1063 783 ut

93 807 311 871 occideretur?
337 807 400 870 nisi
421 828 497 871 uero
519 807 572 870 uel
586 806 690 870 lenior
710 828 823 871 manus
846 805 951 870 aliena
966 825 1061 889 quam

115 892 223 975 ropria
248 892 301 955 uel
323 891 447 955 foedior
473 913 558 955 mors
584 891 710 974 priuata
737 912 832 974 quam
854 890 982 974 publica
1010 890 1061 953 uel

92 914 223 1060 lbngior
250 997 355 1060 poena
383 976 469 1040 ferro
502 975 686 1040 incumbere
720 979 752 1038 et
780 995 912 1057 corpore
944 975 1061 1038 uulnus

93 1081 225 1124 onerare
260 1064 293 1124 et
319 1061 461 1145 recipere
494 1060 660 1125 interitum
693 1060 800 1124 statim
827 1062 931 1123 totum
964 1080 1060 1142 quam
1073 1076 1099 1117 ιο

92 1145 285 1228 supplicium
307 1145 463 1225 diuidere,
486 1144 642 1229 poplitem
663 1144 806 1228 flectere,
829 1143 985 1209 ceruicem
1009 1164 1060 1206 ex-

92 1229 239 1312 tendere,
261 1230 392 1315 plagam
414 1233 583 1314 expectcre
605 1230 742 1294 fortasse
765 1251 831 1293 non
853 1249 959 1291 unam.

156 1313 258 1378 XLII.
287 1313 331 1377 Et
348 1318 456 1379 tamen
472 1314 629 1399 quomodo
650 1314 705 1378 ille
727 1334 834 1378 secum
848 1311 935 1376 ferro
956 1314 1062 1375 trans·

94 1399 246 1482 igendum
261 1398 420 1482 putabat?
443 1420 509 1463 non
524 1400 631 1482 potius
652 1399 761 1484 ignem
775 1397 913 1461 laminas
936 1415 1062 1460 crucem

95 1483 232 1546 culleum
257 1486 290 1546 et
311 1483 460 1567 quicquid
487 1483 670 1548 merebatur
690 1481 847 1547 timebat?
887 1501 1061 1564 numquam
1075 1494 1101 1535 1⁵

93 1567 238 1650 profecto
260 1570 327 1630 tam
349 1568 431 1632 bene
453 1567 492 1632 de
514 1567 686 1633 sceleribus
711 1567 777 1631 suis
800 1566 901 1630 sensit
922 1570 959 1628 ut
980 1584 1062 1629 mor·

93 1662 158 1714 tem
181 1652 322 1734 potuerit
343 1674 471 1736 sperare
493 1674 556 1736 qua
576 1652 681 1736 periit.
719 1652 747 1716 si
767 1651 869 1736 igitur
889 1671 951 1714 nec
972 1669 1063 1734 prac-

95 1757 219 1800 sumcre
242 1737 371 1800 ueniam
393 1758 465 1801 reus
488 1758 548 1802 nec
570 1758 698 1820 sperare
718 1736 831 1821 fugam
854 1735 980 1800 clausus
1002 1754 1063 1798 nec

94 1824 231 1884 mortem
245 1821 353 1904 potuit
366 1821 479 1886 timere
499 1822 672 1886 moriturus
696 1824 728 1886 et
743 1824 831 1886 certo
847 1823 1063 1885 extremorum

93 1904 196 1968 lenior
223 1904 324 1969 uideri
346 1905 456 1970 debuit
482 1906 682 1971 uoluntarius
709 1928 805 1990 quam
833 1909 977 1987 coactus,
1006 1904 1063 1968 ho·
1076 1919 1104 1960 2⁰

93 1990 215 2053 nestior
241 1991 387 2074 priuatus
420 2012 516 2074 quam
545 1991 710 2074 publicus,
747 1993 907 2074 postremo
935 1990 1064 2053 breuior

94 2078 265 2157 occupatus
290 2095 387 2157 quam
415 2077 601 2157 expectatus
628 2074 792 2138 interitus:
828 2095 906 2137 num
934 2072 985 2137 cui
1008 2072 1063 2136 du·

94 2158 183 2221 bium
204 2161 253 2221 est
270 2157 304 2220 in
320 2179 357 2221 eo
393 2158 456 2221 uod
477 2178 544 2222 non
559 2157 673 2222 habuit
694 2158 850 2221 rationem
868 2157 969 2221 luisse
984 2157 1063 2221 For-

94 2240 230 2306 tunam?
266 2240 337 2324 illa,
366 2179 424 2305 illa
444 2242 576 2325 tyranni
604 2242 737 2307 consilia
760 2242 918 2323 caecauit‚
952 2240 1010 2304 illa
1031 2243 1064 2305 et

94 2326 238 2389 animum
263 2325 330 2389 eius
352 2326 478 2390 obtudit
504 2330 536 2391 et
558 2326 717 2412 gladium,
743 2326 801 2391 illa
823 2325 1004 2409 expeditam
1025 2327 1061 2389 in
1074 2340 1101 2381 2⁵

93 2411 210 2474 uulnus
232 2431 362 2475 manum
377 2412 530 2494 perculsit
553 2418 586 2476 et
599 2412 715 2476 tenuit.
738 2411 803 2476 nisi
818 2430 893 2474 uero
908 2413 945 2473 tu
960 2413 1061 2493 tuum,

93 2494 287 2559 uenerabilis
309 2494 478 2579 Gratiano,
503 2496 685 2561 carnificem
706 2495 799 2561 furiis
822 2494 993 2560 comitatus
1015 2493 1063 2558 ul·

93 2579 227 2644 tricibus
255 2579 424 2644 obsidebas
452 2584 485 2646 et
505 2581 589 2647 irata
616 2601 654 2647 oc
681 2581 790 2646 minax
818 2579 932 2643 umbra
958 2578 999 2643 ob
1027 2600 1063 2643 os

95 2666 163 2728 eius
192 2665 363 2748 oculosque
384 2664 546 2731 fumantes
573 2666 708 2731 infernis
735 2665 867 2751 ignibus
890 2664 1002 2729 taedas
1030 2666 1063 2727 et

162 2937 315 2988 2lortuuie
333 2941 431 3002 paco
460 2937 471 3003 l
500 2939 679 3005 tprccipitia
697 2941 720 2989 Δ
738 2953 776 2987 w:
796 2939 920 3004 precipio
937 2938 958 2985 B
976 2938 994 2985 0
1012 2934 1061 2999 Vl

93 3006 163 3055 citra
180 3008 288 3069 scripsi:
312 3004 384 3056 ultra
401 3007 428 3055 1
446 3007 517 3057 ultro
536 3012 622 3057 semet
638 3007 731 3056 timuit
750 3009 885 3058 Acidaliae
909 3004 919 3071 l
944 3004 1063 3054 'llcuicr

93 3074 132 3133 1,
150 3076 258 3123 correxi
286 3070 296 3137 l
325 3072 509 3125 OuulciusA
537 3072 547 3140 l
578 3077 609 3124 11
633 3074 667 3124 ad
686 3075 893 3140 suppliciumA
922 3072 932 3137 l
963 3074 995 3121 12
1017 3087 1063 3120 ex·

93 3144 205 3203 pectarc
223 3139 246 3189 A
264 3140 355 3191 Bere.-
377 3157 424 3193 om.
441 3143 462 3191 B
480 3143 497 3192 0
514 3143 537 3190 V
554 3143 682 3206 accipere
701 3144 761 3192 cdd.
779 3156 803 3191 w
825 3157 899 3193 ccru,
917 3139 1064 3191 extendere

95 3207 130 3257 ad
147 3207 259 3273 plagam
276 3209 342 3259 tort.
361 3210 420 3263 cdd.
436 3206 447 3274 ΙΙ
466 3213 497 3261 13
516 3210 650 3275 quomodo
668 3211 815 3261 Liuineius:
833 3208 940 3275 quando
957 3207 984 3255 1
1001 3204 1011 3269 ll
1031 3208 1063 3257 1⁶

95 3275 218 3325 eculeum
235 3272 287 3339 vl
308 3278 341 3327 20
358 3275 446 3327 leuior
462 3279 498 3341 H,
518 3280 625 3330 correct
640 3274 652 3343 l
668 3280 701 3329 23
719 3295 753 3328 an
770 3278 905 3327 rationem
923 3277 985 3326 sui?
1002 3273 1012 3339 l
1029 3274 1063 3325 ‘24

91 3344 199 3407 primum
216 3340 267 3393 illa
284 3358 332 3395 om.
351 3344 427 3395 Bert.
451 3342 462 3410 ΙΙ
485 3346 518 3395 26
555 3345 672 3396 creuerit
689 3347 730 3409 H,
748 3361 817 3397 corr.
835 3346 974 3394 Liuineius.
1002 3356 1061 3407 per-

94 3409 163 3529 culigt
181 3410 329 3475 Sclefferuc
343 3408 348 3477 Ι
363 3415 401 3528 t}
410 3428 458 3464 cm.
477 3412 510 3461 W
532 3360 599 3477 ll&
617 3412 698 3465 furiis
715 3426 754 3462 w:
772 3414 856 3463 durus
871 3412 900 3459 Ι
917 3410 984 3460 diris
1002 3410 1062 3459 cdd.

93 3484 131 3543 2³·
176 3494 209 3529 uc
228 3494 290 3543 epo:
308 3494 355 3531 cm.
