2294 3780
112 180 173 244 164
424 181 447 230 V
450 179 484 229 II.
515 176 665 229 INCER'I'I
683 176 763 228 Pan.

174 330 231 395 VI.
262 329 345 406 Quid
368 330 406 392 de
430 326 648 391 misericordia
670 324 773 390 dicam
795 345 859 409 qua
880 324 976 389 uictis
998 325 1080 389 tem-

109 415 260 501 perarit?
289 413 365 499 quid
388 412 426 478 de
448 411 656 494 iustitiaque
678 408 823 494 spoliatis
845 409 965 474 amissa
986 409 1079 474 resti·

109 500 195 565 tuit?
251 498 305 562 uid
326 497 366 561 de
388 495 592 582 prouidentia
614 517 678 579 qua
701 494 795 558 sociis
818 493 879 558 sibi
901 493 1021 558 iunctis
1043 515 1078 558 se

111 521 264 650 eiusmodi
291 585 327 646 iu
354 582 470 645 iudicio
497 580 585 644 dedit
614 580 651 643 ut
678 578 1002 663 seruitutem-passos
1031 579 1078 642 iu·

85 672 202 733 suaret
222 669 352 751 recepta
372 664 522 747 libertas,
546 665 659 749 eulpae
682 663 825 728 conscios
848 662 890 728 ad
910 663 1079 747 poeniten-

111 753 190 818 tiam
212 754 377 816 reuocaret
399 749 597 834 impunitas?
641 747 717 832 quid
739 748 849 831 loquar
871 768 981 813 rursus
1002 747 1081 812 inti-

110 859 179 901 mas
200 836 357 901 Franciae
384 837 534 899 nationes
562 835 627 898 iarn
654 853 720 898 non
749 831 790 896 ab
811 832 862 896 his
889 833 969 898 locis
998 853 1079 916 quae

111 922 188 986 olim
210 920 347 985 Romani
374 920 576 1000 inuaserant,
607 917 704 982 seda
748 916 864 1001 ropriis
893 938 932 982 ex
954 916 1080 1014 origine

111 1007 160 1070 sui
199 1005 328 1069 sedibus
365 1007 460 1089 atque
497 1005 536 1068 ab
571 1002 693 1067 ultimis
725 939 897 1067 daromae
930 1001 1079 1066 litorrbus

73 1107 98 1148 10
111 1091 256 1174 auulsas,
279 1093 316 1153 ut
337 1089 372 1153 in
394 1089 526 1154 desertis
550 1087 674 1152 Galliae
696 1086 881 1172 regionibus
904 1087 1079 1151 collocatae

111 1179 144 1239 et
171 1197 283 1259 pacem
312 1172 450 1239 Romani
477 1172 603 1256 imperii
638 1171 725 1237 cultu
751 1172 901 1236 iuuarent
930 1174 963 1236 et
990 1192 1079 1236 arma

111 1259 257 1325 dilectu?
296 1259 372 1342 quid
400 1278 643 1324 commemorem
670 1256 883 1342 Lingonioam
909 1255 1079 1321 uictoriam

112 1345 209 1408 etiam
236 1343 438 1428 imperatoris
466 1343 567 1426 ipsius
600 1341 731 1405 uulnere
757 1340 957 1426 gloriosam?
1002 1340 1077 1425 quid

111 1427 326 1493 Uindonissae
361 1449 489 1511 campos
522 1427 662 1491 hostium
699 1429 807 1510 strage
841 1426 1015 1509 completos
1048 1427 1080 1489 et

73 1531 99 1572 15
113 1511 216 1577 adhuc
245 1513 369 1577 ossibus
396 1511 546 1595 opertos?
583 1511 658 1595 quid
679 1511 854 1575 immanem
882 1531 921 1574 ex
944 1510 1078 1574 diuersis

112 1599 345 1662 Germanorum
373 1596 499 1679 populis
533 1594 787 1680 multitudinem,
824 1617 918 1679 quarn
946 1594 1079 1658 duratus

112 1683 188 1767 gelu
215 1681 348 1746 Rhenus
381 1681 527 1745 illexerat
557 1683 594 1744 ut
622 1680 775 1763 insulam,
812 1701 907 1764 quem
941 1678 1079 1743 diuortio

113 1767 163 1828 sui
189 1766 275 1830 idem
302 1765 405 1828 amnis
433 1765 655 1848 amplectitur,
686 1763 828 1848 pedestri
850 1763 980 1849 agmine
1003 1784 1080 1828 ausa

112 1850 329 1913 transmittere
360 1853 491 1932 repente
519 1849 627 1913 laxato
658 1848 790 1914 flumine
820 1848 1020 1913 clauderetur
1049 1850 1082 1913 et

75 1953 101 1994 so
114 1932 252 1998 dimissis
275 1934 384 1998 statim
406 1933 538 1998 obsessa
558 1934 698 2018 nauigiis
721 1933 768 1998 ita
795 1955 830 1998 se
852 1932 967 1998 dedere
989 1953 1082 2019 coge

113 2021 202 2082 retur
223 2021 268 2102 ut,
291 2017 375 2102 quod
391 2017 552 2082 difficilius
567 2021 626 2101 est,
650 2021 738 2083 sorte
757 2018 918 2083 communi
940 2017 1082 2103 elegerat

114 2106 147 2167 et
170 2123 209 2166 ex
232 2125 335 2187 aequo
357 2124 437 2187 quos
459 2103 639 2186 captiuitati
660 2102 817 2189 traderet,
844 2103 985 2167 relatura
1008 2123 1081 2168 oum

113 2187 173 2252 reli
197 2187 257 2252 uiis
280 2188 345 2252 suis
367 2187 533 2252 infamiam
555 2187 746 2272 proditionis
768 2208 907 2254 suorum.

228 2272 252 2336 Ι.
307 2271 384 2337 Dies
417 2294 467 2337 me
503 2276 578 2337 ante
612 2273 738 2338 deficiet
770 2294 864 2356 quam
896 2271 1015 2355 oratio,
1053 2271 1083 2335 si

75 2375 101 2416 es
115 2358 223 2421 omnia
243 2357 346 2441 patris
369 2357 417 2421 tui
437 2357 525 2422 facta
546 2357 599 2423 uel
624 2357 684 2422 heo
706 2358 864 2422 breuitate
909 2377 1082 2421 ercurram.

115 2442 203 2505 ouius
232 2441 328 2504 etiarn
354 2463 502 2525 suprema
529 2441 585 2506 illa
613 2442 772 2526 expeditio
799 2462 866 2505 non
919 2440 1083 2506 ritannioa

114 2523 283 2607 trophaea,
316 2528 352 2588 ut
373 2526 472 2609 uulgo
496 2525 650 2590 creditum
672 2529 735 2610 est,
759 2525 930 2610 expetiuit,
955 2525 1011 2589 sed
1033 2525 1083 2590 dis

114 2607 178 2670 iam
201 2607 392 2671 uocantibus
415 2609 454 2671 ed
476 2609 625 2672 intimum
639 2612 798 2674 terrarum
819 2610 919 2674 limen
936 2609 1081 2675 accessit.

115 2712 219 2774 neque
242 2691 328 2755 enim
349 2691 403 2755 ille
425 2695 476 2756 tot
495 2692 658 2776 tantisque
680 2695 774 2758 rebus
799 2694 900 2779 gestis
921 2714 988 2758 non
1010 2693 1082 2758 dico

183 2899 199 2946 2
212 2897 312 2947 omissa
323 2896 346 2945 A
358 2898 391 2945 w
403 2895 413 2961 1]
426 2901 441 2948 3
459 2897 561 2947 uinctis
573 2897 596 2946 A
609 2900 669 2947 tw
684 2896 688 2963 Ι
704 2913 732 2949 se
743 2912 781 2947 w:
801 2895 916 2963 111114
932 2898 962 2947 in
980 2897 1082 2950 iudicio

115 2967 224 3028 scripsi:
236 2963 337 3014 iudicio
349 2965 419 3015 de
427 2964 603 3028 indic.(sic)A
618 2963 774 3032 iudicemur}
786 2965 860 3015 dedit
871 2966 957 3016 onaw
968 2961 980 3030 11
992 2967 1008 3015 5
1018 2980 1083 3017 con·

116 3032 188 3083 scios
200 3044 239 3082 w:
253 3032 365 3082 conscio
376 3034 404 3080 n
416 3030 425 3097 ΙΙ
438 3031 590 3093 81111111αηί;
603 3034 684 3083 malim
694 3034 819 3085 Romana
831 3030 841 3097 ΙΙ
853 3035 870 3084 9
883 3035 927 3084 sui
936 3034 1011 3083 edd:
1024 3035 1083 3084 suis

115 3100 142 3147 11
155 3097 160 3163 Ι
180 3102 211 3150 lo
224 3099 341 3150 collatae
355 3100 377 3147 A
390 3096 399 3164 i
414 3102 444 3149 12
459 3099 590 3152 dilectum
602 3102 620 3150 0
636 3097 641 3167 Ι
656 3101 822 3167 lingonicam
833 3102 906 3151 Bcv
917 3101 1084 3164 hugonicam

116 3167 149 3215 W
167 3164 171 3231 Ι
185 3167 217 3216 14
229 3166 378 3231 completos
390 3168 524 3219 ethium„-
538 3168 674 3234 completo
686 3168 732 3218 sed
738 3169 795 3218 Aw
807 3186 829 3217 m
842 3171 856 3217 1
867 3169 1022 3231 completos
1036 3168 1084 3219 sed

116 3233 217 3282 Bcvw
229 3230 239 3298 11
253 3236 284 3284 17
295 3233 424 3286 illexerat
435 3235 564 3301 Laepias:
579 3235 710 3287 illuxerat
721 3238 749 3284 n
760 3236 887 3288 illuserat
899 3251 916 3303 ς
928 3234 938 3300 ΙΙ
958 3237 989 3286 18
1002 3236 1083 3287 anuis
1115 3234 1120 3248 ⁸

116 3300 149 3347 W
162 3296 173 3365 ΙΙ
186 3303 218 3350 19
230 3301 417 3352 transmittere
428 3302 492 3352 Aa
500 3303 591 3354 Bert:
604 3320 651 3358 om.
663 3305 683 3353 B
693 3305 740 3353 GV
752 3302 762 3369 11
775 3307 807 3355 20
820 3303 947 3356 demissis
958 3305 996 3369 1,
1010 3319 1082 3356 corr.

117 3364 243 3432 Arideli}
260 3369 293 3418 22
311 3373 340 3420 et
358 3383 391 3419 ex
409 3385 498 3436 aequo
517 3386 585 3437 quos
603 3373 741 3423 Arausa:
759 3377 787 3422 et
804 3387 838 3423 ex
857 3383 943 3437 equos
960 3372 988 3420 11
1007 3371 1082 3423 Bert.

117 3450 184 3501 quos
196 3448 221 3485 v
236 3436 241 3499 Ι
256 3451 315 3488 cum
327 3436 439 3502 reliquis
452 3435 501 3504 111
514 3441 547 3490 24
559 3438 699 3491 deficietA
711 3437 871 3489 deficeretv
885 3443 890 3498 1
906 3440 993 3491 oratio
1006 3455 1053 3491 om.
1067 3440 1085 3490 (1

115 3498 125 3568 l]
137 3504 169 3555 21
180 3503 297 3571 trophea
308 3508 338 3554 ut
348 3505 461 3555 Bcvw:
472 3511 549 3573 trope
559 3507 636 3559 autA
651 3503 655 3573 Ι
671 3504 801 3557 creditum
810 3519 847 3556 w:
858 3511 962 3559 cretum
973 3506 1084 3558 HBert.
