2294 3780
271 147 528 202 cousrnurmo
547 150 717 202 suousro
734 151 769 202 u.
788 156 863 204 a-a.
987 152 1049 218 217

81 295 174 380 sequi
195 296 310 380 uelles3
339 297 403 361 nisi
425 298 511 381 quod
532 301 618 364 reete
640 299 799 364 factorum
821 303 1051 385 contemplator

81 380 266 463 acerrimus,
290 380 318 444 si
339 382 416 465 quid
438 403 529 446 secus
544 383 644 462 fieret,
669 405 688 446 a
710 385 876 467 spectandi
898 406 973 450 cura
993 409 1049 470 pu·

80 464 195 529 dentes
223 465 331 529 oculos
354 466 574 531 abstrahebas.
619 467 709 531 dahti
732 469 816 532 enim
838 470 966 533 ueniam
989 471 1050 535 cle-

79 549 203 613 mentia
223 551 295 631 tua,
319 549 347 612 si
369 550 570 615 audaciorem
590 552 709 616 ueritas
731 552 820 616 facit.

144 632 186 697 V.
216 632 411 698 Existimare
433 635 562 717 quidem
583 636 621 699 de
636 636 835 720 principibus
857 637 978 701 nemini
999 637 1075 703 fass

81 720 141 781 est.
187 739 263 781 nam
291 720 323 781 et
350 718 384 781 in
411 718 569 783 uestibulo
597 741 654 783 suo
681 721 896 804 inquirentem
923 721 1050 804 repellit

81 800 208 865 obiecta
233 802 396 866 ueneratio
424 802 505 866 etsi
527 804 582 886 qui
604 808 712 868 mente
733 806 863 888 propius
892 806 1049 889 adierunt,

81 884 166 970 qnod
182 885 283 949 oculis
305 886 339 949 in
354 886 453 950 solem
476 908 509 950 se
531 889 801 957 contendentibus,
819 892 936 971 euenit,
959 911 1049 973 prae

81 969 197 1034 stricta
223 969 292 1034 acie
318 970 448 1034 uidendi
476 970 629 1035 facultate
657 977 836 1037 caruerunt.
881 995 992 1038 uerum
1012 976 1049 1037 tu

80 1053 177 1132 facis,
199 1053 383 1136 principum
404 1054 557 1138 maxime,
586 1058 623 1119 ut
644 1059 754 1139 patere
775 1058 946 1120 uideantur
968 1079 1050 1140 quae
1063 1076 1088 1117 ro

81 1138 247 1201 obstructa
269 1138 357 1221 prius
379 1138 521 1221 fuerant,
555 1139 610 1221 qui
632 1143 698 1203 tam
725 1143 817 1224 optas
839 1143 927 1205 totus
948 1142 1050 1205 uideri

81 1242 179 1305 quam
201 1223 299 1286 ceteri
315 1223 516 1287 recusabant.
552 1244 619 1287 non
639 1227 744 1288 terror
765 1225 898 1288 obtentu
921 1227 1050 1289 estnec

82 1305 282 1370 occultandis
304 1328 384 1389 quae
399 1308 586 1390 plerumque
607 1308 801 1372 intrinsecus
821 1309 923 1371 latent
943 1308 1049 1371 demo·

80 1390 248 1473 randoque
287 1393 420 1475 aspectu
457 1391 631 1455 ostentatio
670 1393 813 1475 speciosa
852 1392 1047 1475 perhibetur.

82 1475 214 1538 obtutus
235 1474 403 1539 bominum
424 1475 585 1559 benignus
605 1480 766 1560 receptas3
788 1497 848 1540 nec
870 1477 1047 1540 intuentem
1062 1490 1086 1532 1⁵

81 1557 211 1641 iniquus
233 1559 340 1643 fulgor
361 1559 519 1641 retundit,
546 1560 601 1623 sed
624 1582 770 1624 serenum
791 1561 900 1624 lumen
921 1561 1048 1624 inuitat.

81 1664 171 1707 nunc
212 1642 348 1726 denique
389 1643 606 1727 intellegimus
650 1666 730 1728 quae
766 1642 976 1708 desideranda
1014 1644 1050 1707 in

81 1726 242 1811 prioribus
256 1727 387 1806 fuerint,
409 1731 580 1810 postquam
595 1749 632 1791 ea
654 1750 735 1812 quae
749 1732 861 1813 operta
883 1730 917 1792 in
935 1728 1049 1792 ceteris

80 1811 179 1875 ueriti
207 1833 314 1875 sumus
342 1811 377 1874 in
398 1815 431 1875 te
458 1814 598 1876 reserata
626 1834 827 1878 ueneremur.
871 1814 985 1897 igitur,
1015 1815 1051 1876 ut

80 1895 206 1977 facitis,
236 1895 412 1959 beatissimi
436 1894 600 1979 Caesares,
628 1919 685 1980 per
712 1919 821 1962 omnes
843 1902 1087 1981 paternarums

81 1978 213 2043 laudum
235 1980 304 2043 uias
326 1980 371 2044 ite
393 1980 505 2045 securi.
537 2001 603 2044 non
626 1982 763 2065 simplici
785 1982 913 2063 quidem
935 1982 1050 2045 itinere

83 2084 274 2127 numerosae
296 2063 365 2128 cius
386 2065 523 2128 uirtutes
542 2064 776 2147 ingrediuntur,
801 2064 856 2127 sed
878 2065 987 2127 omnia
1011 2064 1050 2127 ad

84 2147 220 2212 eundem
247 2148 370 2232 gloriae
398 2148 518 2212 exitum
539 2147 657 2212 ferunt.
702 2148 809 2211 nullae
839 2147 1050 2230 cupiditatum

84 2231 276 2296 deflexiones
283 2282 293 2315 7
330 2233 438 2296 nullus
472 2232 587 2295 erroris
620 2232 800 2295 anfractus:
843 2233 880 2293 ut
910 2230 1049 2293 uerenda

82 2316 363 2400 progredientibus
390 2338 457 2381 non
483 2318 526 2380 sit
548 2315 749 2397 dispendiosa
776 2314 947 2378 reuocatio.
990 2315 1050 2376 ita·
1063 2328 1089 2369 2⁶

84 2421 146 2481 que
168 2401 372 2464 maturiorem
401 2421 526 2465 cursum
549 2399 734 2463 inst'tuistis
757 2399 811 2482 qui
832 2419 956 2461 moram
978 2418 1050 2460 con-

84 2483 247 2548 siderandi
268 2485 392 2548 itineris
413 2506 479 2549 non
494 2484 629 2549 habetis,
657 2484 712 2547 sed
733 2483 813 2547 mibi
835 2482 1052 2546 circumuento

83 2566 147 2632 hac
168 2568 239 2651 ipsa
263 2589 370 2633 rerum
393 2570 499 2652 copia,
527 2590 606 2652 quac
628 2568 830 2651 potissimum
858 2566 1051 2650 capessenda

84 2652 220 2734 sitnia,
243 2653 297 2736 qui
320 2653 424 2717 aditus
445 2654 517 2736 fiat,
546 2655 703 2717 incertum
726 2658 789 2718 est:
826 2652 872 2715 ita
894 2672 928 2714 se
949 2651 1051 2714 multa

84 2735 225 2799 offerunt
246 2737 352 2819 specie
374 2737 480 2819 paria,
504 2737 726 2827 magnitudine
750 2735 970 2820 congruentia.
1064 2748 1089 2788 ³⁰

153 2993 171 3039 4
188 2993 269 3040 malim
287 2991 458 3041 audaciorem
476 3007 519 3041 me
549 2989 559 3056 ll
590 2994 605 3042 ‘l
623 2995 711 3040 mente
729 3004 766 3039 w:
789 2994 906 3039 mentem
923 2989 950 3036 Η
968 2987 1052 3048 Bora,

85 3073 136 3124 quo
154 3065 255 3109 retento
274 3058 424 3125 adegerunt
441 3062 482 3109 ael
499 3057 662 3109 adiecerunt
679 3059 748 3108 docti
774 3057 778 3119 Ι
810 3062 923 3106 mentem
940 3055 1052 3119 propius

83 3125 108 3174 Δ
126 3123 215 3175 Bere:
232 3128 346 3190 propius
363 3130 478 3176 mentem
495 3124 579 3190 aaran
597 3128 626 3175 ll
645 3124 720 3190 prins
740 3125 881 3174 obstructa
898 3120 938 3187 cil
958 3124 987 3170 12
1007 3121 1052 3171 ob·

84 3193 178 3242 tentui
195 3194 215 3241 B
233 3194 266 3241 W
282 3211 313 3243 m.
333 3196 356 3254 1,
376 3193 517 3244 obstentni
533 3206 558 3241 w
577 3193 696 3243 ostentui
716 3207 732 3257 ς
748 3190 758 3257 ΙΙ
776 3194 807 3241 13
827 3191 998 3240 extrinsecus
1016 3190 1052 3251 x,

83 3274 156 3310 corr.
174 3261 307 3311 Liuineius
319 3257 330 3324 li
343 3264 375 3310 14
392 3260 552 3324 perhibetur
569 3261 643 3314 edd:
662 3259 822 3324 prohibetur
839 3260 867 3306 Π
884 3258 959 3307 Bert.
978 3270 1054 3319 prae·

85 3327 196 3377 hibetur
213 3329 346 3379 Acidaliae
366 3326 513 3391 praebetur
530 3328 662 3377 Liuineius
677 3324 688 3391 ΙΙ
706 3327 737 3375 16
755 3327 876 3388 iniquum
893 3338 918 3373 w
934 3321 944 3387 ΙΙ
963 3326 993 3372 17
1012 3324 1053 3372 in·
1132 3328 1139 3341 '

84 3394 239 3459 telligimus
257 3397 281 3445 Δ
298 3408 336 3443 w:
354 3393 542 3459 intelligamus
560 3401 619 3448 ceu.
632 3392 643 3459 i
656 3396 687 3444 18
706 3394 819 3445 fuerunt
835 3394 862 3440 Η
880 3392 967 3452 Bora,
985 3404 1053 3441 corr.

84 3462 223 3513 Acidaliae
239 3460 249 3527 ll
265 3463 298 3512 22
315 3463 397 3513 malim
415 3462 502 3512 omnis
519 3459 529 3527 {i
546 3464 579 3513 28
598 3460 770 3528 capessenda
788 3461 810 3507 Δ
