2294 3780
291 147 508 198 THEODOSIO
526 146 695 199 AUGUSTO
714 149 747 198 D.
768 151 843 199 6-8.
988 149 1048 213 277

81 292 164 359 haec
185 296 222 357 ut
244 294 378 360 deceret.
411 318 453 359 an
474 317 549 359 uero
572 296 742 379 quicquam
763 299 913 381 putamus
935 298 970 361 in
992 300 1049 363 im·

80 378 165 461 perii
185 379 235 442 tui
256 377 473 444 declaratione
494 381 711 463 praeteritum,
734 402 805 444 cum
828 383 958 445 ductam
980 404 1049 447 esse

81 462 245 526 rationem
266 463 408 545 ipsorum
436 466 534 528 etiam
555 465 720 528 uideamus
743 467 922 529 annorum?
960 468 1049 530 cuius

81 546 212 629 quidem
235 547 282 610 rei
302 551 396 612 tanta
417 548 480 611 fuit
508 570 582 613 cura
604 549 777 613 maioribus
799 554 923 614 utnon
946 552 1049 615 solum

79 630 117 694 in
150 631 357 714 amplissimis
389 633 630 716 magistratibus
662 635 891 718 adipiscendia,
930 636 984 699 sed
1015 636 1075 699 ins

81 716 242 799 praeturis
264 736 390 799 quoque
417 720 474 780 aut
495 716 711 781 aedilitatibus
737 719 939 803 capessendis
962 723 1049 784 aetas

81 802 230 882 spectata
251 801 293 864 sit
305 800 479 884 petitorum
500 822 561 865 nec
581 804 749 885 quisquam
763 807 891 868 tantum
912 805 1052 868 ualuerit

81 884 254 947 nobilitate
276 885 330 948 uel
345 886 451 968 gratia
474 885 525 949 uel
539 887 676 969 pecunia
698 888 752 969 qui
773 910 876 952 annos
898 889 1051 952 comitiali

81 967 156 1052 lego
177 969 393 1052 praescriptos
415 969 576 1033 festinatis
593 971 767 1034 honoribus
790 975 963 1054 occuparit.
991 994 1050 1037 nec

81 1051 202 1116 iniuria
223 1053 256 1116 id
279 1053 416 1135 quidem.
457 1075 533 1117 nam
557 1057 590 1117 et
611 1055 665 1138 qui
686 1056 813 1118 uenturi
835 1059 966 1120 suntin
988 1058 1089 1121 uir-10

81 1137 161 1200 tutis
195 1137 401 1220 adoptionem
429 1137 485 1201 illo
512 1142 619 1202 tamen
654 1138 888 1203 adulescentiae
915 1141 1050 1224 lubrico,

82 1222 208 1285 utnon
230 1222 362 1304 cadant,
385 1221 538 1285 titubant.
583 1244 624 1285 an
646 1244 713 1286 non
735 1222 927 1287 clarissimos
950 1226 1051 1287 nomi·

82 1304 136 1367 nis
157 1304 295 1369 Romani
322 1307 408 1369 uiros
437 1305 557 1386 (Sullas
580 1306 709 1371 Oatulos
731 1306 897 1393 Scipiones
923 1308 1051 1454 loquoflrp

82 1387 316 1474 aliquantisper
344 1390 405 1453 sibi
428 1391 554 1453 luxuria
580 1390 782 1455 uindicauit?
825 1413 903 1475 quos
928 1392 988 1456 etsi

82 1476 212 1557 portum
227 1474 343 1537 mutati
364 1474 399 1537 in
413 1474 527 1537 melius
542 1473 637 1538 ssatus
657 1476 848 1557 munierint,
872 1476 927 1539 diu
941 1480 1050 1539 tamen
1064 1490 1090 1533 rs

82 1557 234 1621 uitiorum
257 1558 352 1622 turbo
373 1559 506 1622 iactauit
527 1561 560 1621 et
581 1559 756 1643 naufragos
778 1564 873 1643 atque
887 1560 1051 1623 fluitantes

82 1640 125 1705 ab
152 1641 217 1706 illis
244 1643 359 1725 quibus
392 1642 615 1706 mersabantur
642 1643 799 1707 erroribus
833 1665 928 1728 aegre
962 1647 1051 1707 actas

81 1726 214 1824 recepit.
264 1728 345 1790 bene
372 1726 472 1811 igitur
506 1730 622 1790 cuncta
649 1727 845 1825 quadrarunt
878 1731 910 1791 et
923 1727 1052 1825 ‘ceteris

82 1811 804 1981 rurali?lllllrtlttltltlbt?
812 1835 909 1961 llll
918 1832 1090 1961 ulit„

83 1979 251 2062 potiuntur
272 1982 423 2062 aetatum,
445 1982 564 2044 uirtute
578 1981 730 2045 iuuenum
753 1985 786 2045 et
800 1983 985 2045 maturitate
1006 2002 1052 2045 se·

84 2064 221 2126 nicrum.
265 2065 354 2147 prius
376 2063 513 2128 fortasse
540 2065 709 2146 imperium
736 2065 817 2127 inire
840 2066 993 2128 debueras
1016 2067 1053 2128 ut

86 2146 205 2211 diutius
228 2148 416 2231 imperares,
446 2150 478 2210 et
500 2148 569 2210 sine
592 2146 728 2229 exempli
749 2148 902 2231 periculo.
947 2147 1053 2230 proui-

85 2229 213 2294 debitur
235 2236 340 2297 tonica
361 2254 402 2295 ne
425 2231 498 2315 quid
522 2231 683 2294 amiseris:
719 2231 788 2293 uita
808 2230 954 2314 longiore
977 2251 1052 2313 pen-

85 2315 220 2379 sandum
242 2316 327 2400 quod
350 2338 388 2379 ex
411 2315 583 2399 praeterito
605 2313 782 2398 perdidisti.
819 2336 934 2397 parum
955 2314 1052 2377 inter·
1065 2328 1091 2370 π

84 2402 136 2463 est
179 2400 284 2464 uando
308 2401 449 2483 coeperit
470 2400 555 2484 quod
577 2400 751 2463 terminum
772 2419 839 2462 non
860 2398 1000 2462 habebit.

198 2483 239 2547 ΙΙ.
269 2484 433 2550 Hactenus
456 2484 544 2548 inte
566 2484 750 2566 praedicata
771 2484 846 2565 sint,
868 2483 1053 2566 imperator,

85 2567 173 2631 dona
194 2568 350 2632 fatorum:
374 2590 460 2633 nuno
482 2569 522 2631 ad
545 2590 582 2632 ea
596 2568 794 2652 proferamus
815 2568 951 2652 gradum
973 2587 1054 2650 quae

84 2651 145 2714 tibi
174 2653 280 2716 debes.
325 2674 428 2736 neque
456 2653 542 2718 enim
564 2656 621 2716 tua
648 2653 703 2716 illa
726 2653 898 2736 praeterita
920 2652 1054 2715 bellicae

82 2736 132 2799 rei
154 2734 267 2819 gloria,
291 2759 388 2819 quam
410 2759 468 2820 per
482 2740 532 2800 tot
552 2737 696 2801 laborum
720 2738 937 2820 experimenta
959 2755 1054 2819 quae·
1067 2751 1093 2792 uo

84 2819 166 2898 sisti,
190 2821 380 2884 ascribenda
393 2820 543 2885 fortunae
566 2825 624 2884 est.
654 2821 704 2884 cui
724 2819 786 2886 hoc
807 2821 935 2884 nomine
958 2820 1055 2883 etiam

84 2905 266 2968 succenseri
288 2907 396 2987 potest
423 2905 507 2988 quod
529 2927 622 2987 quem
649 2907 774 2986 sceptro
802 2908 834 2967 et
856 2903 936 2966 solio
960 2903 1055 2966 desti-

156 3128 168 3175 l
188 3127 295 3177 diceret
312 3129 335 3174 A
354 3135 380 3176 et
397 3127 466 3175 Vm.
486 3130 500 3175 1
518 3124 528 3191 ΙΙ
548 3129 564 3176 4
581 3131 662 3176 tanta
680 3128 703 3173 A
722 3126 808 3176 Bora:
827 3126 867 3175 ita
884 3126 905 3174 B
923 3129 941 3174 0
960 3127 981 3173 V
997 3127 1030 3175 W
1047 3124 1057 3191 ll

87 3197 120 3244 13
138 3193 216 3244 sillae
235 3208 272 3242 w:
293 3193 377 3242 sullos
395 3195 418 3241 V
435 3196 459 3245 si
477 3193 540 3243 illos
558 3196 580 3241 A
597 3194 617 3241 B
636 3195 653 3242 0
674 3191 684 3258 ll
706 3196 738 3242 14
756 3194 863 3244 luxoria
880 3194 902 3241 A
924 3191 934 3257 ΙΙ
959 3195 991 3243 15
1008 3194 1057 3243 fla·

85 3266 130 3310 tus
148 3275 237 3311 reuex.
255 3263 277 3308 A
290 3262 336 3309 W:
355 3275 446 3313 reuex.
465 3263 548 3312 flatus
565 3262 585 3309 B
600 3260 652 3309 GV
673 3259 683 3325 ΙΙ
704 3263 735 3310 21
756 3263 904 3325 paciuntur
920 3262 976 3322 eati
998 3263 1056 3309 eta·

85 3333 142 3377 tum
161 3331 183 3376 A
204 3325 215 3392 ΙΙ
236 3331 268 3377 22
287 3328 423 3378 debueras
441 3343 470 3394 g:
490 3329 616 3380 debueris
635 3330 662 3375 At
682 3326 692 3393 11
714 3330 746 3378 ‘23
765 3334 792 3378 et
808 3330 917 3391 scripsi:
936 3326 982 3375 sed
999 3328 1027 3374 Ι
1048 3324 1058 3393 ll

85 3397 229 3445 acumen
248 3411 311 3461 epo:
329 3411 375 3445 om.
388 3395 415 3442 H
432 3393 442 3458 fl
459 3398 492 3447 26
512 3396 636 3460 coeperit
654 3391 739 3461 quod]
760 3397 835 3461 cepit
853 3397 870 3443 c
887 3392 897 3458 ll
914 3395 946 3443 27
966 3393 1022 3443 sint
1033 3394 1057 3443 A

85 3460 94 3525 ΙΙ
117 3464 148 3513 31
168 3464 209 3512 tui
227 3463 313 3527 Alet
332 3477 405 3513 suco.
422 3463 443 3511 B
462 3462 484 3510 V
504 3461 515 3529 l
539 3466 571 3514 32
590 3477 711 3513 suscens.
729 3463 753 3511 A
