2294 3780
239 150 498 203 CONSTANTlNO
518 150 688 203 AUGUSTO
707 153 741 201 D.
761 153 869 203 16-18.
973 149 1037 215 227

64 299 199 365 Italicas
221 298 438 396 expeditiones
465 300 579 384 quibus
602 298 642 364 Se
688 299 840 363 siensium
864 300 1036 382 ciuitatem,

66 406 149 468 quae
171 383 328 481 superatis
343 383 481 466 Alpibus
503 384 614 447 Italiae
637 387 808 446 caustrum
832 384 940 466 obicit,
965 404 1036 447 oum

65 469 102 532 ui
130 490 167 532 ac
194 468 314 532 uirtute
341 468 465 532 uelut
456 489 586 531 renuam
615 467 691 530 belli
725 467 927 552 refregisses,
961 468 1036 531 inde

91 572 128 616 er
156 552 298 616 obiectas
327 551 426 648 acies,
502 574 519 614 ι
546 552 702 615 exercitus
730 551 842 615 obuios
869 572 968 635 usque
996 553 1036 614 ad

99 656 218 700 omana
238 636 367 700 moenia
387 635 442 698 ino
467 656 561 700 ansus
577 636 785 700 uictoriarum
807 636 944 718 impetus
964 653 1062 719 per-⁶

68 720 220 785 cucurrit

131 802 253 867 XVIII.
303 803 386 878 Quid
417 824 589 867 memorem
617 803 716 866 Bruct
717 803 809 867 eros?
869 804 924 867 uid
953 804 1037 869 (lha-

67 887 204 951 manos?
246 887 322 970 quid
356 886 548 970 Cheruscos,
583 886 788 983 Uangionas,
826 826 1036 970 Alamannos

66 971 257 1036 Tubantes?
293 970 443 1035 bellicum
472 974 620 1055 strepunt
644 971 775 1035 nomina
804 975 836 1035 et
861 973 1035 1036 inmanitas

66 1056 273 1119 barbariae
264 1077 301 1119 ιιι
327 1056 406 1138 ipsis
433 1055 596 1119 uocabulis
628 1053 758 1118 adhibet
783 1056 957 1120 horrorem.
1002 1057 1075 1120 hirc

67 1161 180 1204 omnes
202 1139 401 1236 singillatim,
425 1139 499 1203 dein
520 1139 640 1222 pariter
661 1139 777 1203 armati
798 1140 1036 1236 conspiratione

67 1222 250 1288 foederatae
272 1223 435 1287 societatis
457 1226 650 1287 exarserant.
694 1226 730 1285 tu
752 1226 861 1286 tamen
868 1223 1035 1320 ,impera-

65 1311 134 1390 tor,
160 1328 233 1371 curn
254 1309 378 1371 tantam
400 1306 476 1371 belli
498 1307 614 1372 molem
635 1306 774 1389 uideres,
803 1306 849 1369 nil
872 1307 974 1390 magis
996 1306 1035 1369 ti·

65 1392 179 1455 muisti
206 1413 313 1489 quam
331 1412 372 1456 ne
398 1392 567 1455 timereris.
611 1390 679 1453 adis
707 1356 857 1454 barbaros
886 1394 919 1453 et
944 1390 1034 1454 dissi-

65 1476 188 1539 mulato
210 1476 366 1559 principis
385 1474 507 1559 habitu,
531 1497 626 1558 quam
641 1474 785 1558 proxime
799 1477 937 1558 poteras,
963 1496 1033 1538 cum
1048 1490 1073 1532 ιι

65 1560 192 1624 duobus
216 1561 350 1624 accedis.
394 1581 567 1643 numquam
590 1561 638 1622 est
661 1558 813 1622 excelsior
834 1559 1034 1642 principatus

66 1665 164 1727 quam
187 1665 259 1707 cum
280 1664 314 1708 sa
336 1644 465 1726 publico
487 1642 649 1707 submittit
671 1642 786 1706 officio.
822 1643 904 1706 facis
926 1643 1033 1728 uerba,

66 1748 159 1811 spem
187 1727 314 1791 illorum
342 1728 446 1812 agitas
474 1731 507 1791 et
532 1748 641 1790 uersas
670 1726 903 1809 credulitatem,
933 1747 1034 1810 negas

65 1817 100 1875 te
123 1832 193 1875 esse
214 1815 425 1909 praesentem.
468 1832 584 1875 ouere
613 1831 707 1875 caeca
729 1811 876 1875 barbaria
897 1832 976 1895 quae
999 1811 1033 1875 in

66 1896 124 1959 illo
146 1895 239 1959 uultu
218 1896 356 1979 uaigna
377 1895 532 1979 principis
559 1916 625 1959 non
647 1895 780 1977 uideris,
809 1917 903 1979 quem
925 1917 966 1960 ne
988 1897 1034 1960 sic
1047 1913 1072 1952 ιο

67 1979 197 2062 quidem
224 1980 375 2062 senseriS,
407 2001 479 2044 cum
501 1980 586 2043 intra
607 1981 726 2075 iactum
748 1982 805 2043 teli
833 2001 961 2043 securus
985 1981 1034 2043 sui

66 2067 187 2146 staret,
210 2062 458 2128 Constantinum
481 2065 564 2128 esse!
599 2063 653 2146 qui
675 2062 737 2126 hoc
758 2065 886 2145 poterat
907 2083 973 2158 non
994 2064 1034 2124 ιι-

66 2168 168 2229 mere,
177 2112 339 2211 dubitare
358 2148 525 2231 quisquam
539 2148 646 2229 potest
668 2168 740 2209 eum
754 2167 811 2228 per
833 2145 939 2208 omnia
962 2145 1034 2207 sub

64 2231 180 2294 nixum
202 2230 260 2295 deo
282 2231 422 2295 uadere‘?
445 2233 582 2295 inuictos
603 2230 700 2307 (lucis,
724 2232 773 2293 set
795 2228 881 2292 solus
899 2228 1032 2292 timeris

65 2316 118 2378 tot
130 2336 251 2412 regna,⁸
271 2319 322 2379 tot
342 2316 451 2400 populi
473 2319 506 2379 et
526 2318 690 2379 tantarum
711 2313 878 2376 nationum
902 2332 1033 2395 congre
1046 2327 1072 2367 ιι

65 2399 158 2484 gatio
185 2399 354 2484 indignam
380 2421 413 2465 se
442 2399 565 2462 uiribus
585 2399 649 2461 tuis
670 2399 777 2480 putat,
811 2417 905 2479 quem
933 2395 1034 2459 credit

66 2482 245 2546 absentem
275 2484 335 2548 tibi
357 2487 465 2547 tamen
485 2484 719 2547 incrementum
742 2480 845 2544 laudis
867 2501 906 2544 ex
927 2480 1033 2543 multi·

65 2566 244 2651 plicatione
276 2568 407 2631 terroris
440 2572 496 2631 est.
544 2566 803 2651 magnificentius
836 2568 1033 2662 congregata

66 2650 186 2714 obteris
208 2672 290 2734 quae
312 2652 525 2734 scrupulosius
549 2651 692 2734 dispersa
713 2650 897 2734 sequereris.
939 2649 1034 2713 innu-

69 2823 273 2831 ——-—-----.

135 2923 301 2972 2clastrum
319 2922 342 2970 A
360 2929 489 2986 expuncto
508 2920 657 2972 claustrum
701 2919 805 2969 obiecit
822 2919 849 2966 lt
878 2917 888 2983 11
917 2918 980 2969 3ui
999 2932 1033 2967 ac

66 3004 127 3054 epo:
145 2990 193 3038 uie
210 2993 251 3039 ael
267 2990 329 3040 uiae
347 2988 374 3036 n
392 2995 442 3038 tua
458 3004 483 3038 w
500 2989 529 3038 ui
547 2994 576 3037 ct
592 2989 650 3039 edd.
681 2983 685 3051 1
714 2987 874 3037 ιιιιιιιιοι
894 2985 957 3050 quid
976 2985 1034 3035 cla·

66 3070 159 3106 maros
179 3054 325 3122 (clamosos
337 3057 371 3104 W
384 3056 536 3106 clamascos
547 3057 568 3104 B
581 3055 721 3104 clamauos
734 3053 820 3116 Bert.)
840 3053 904 3118 quid
916 3051 987 3116 (quia
1000 3052 1033 3117 A)

64 3124 197 3174 heruscos
216 3124 339 3185 (eruscos
356 3122 386 3185 0)
404 3125 561 3173 Laneionas
581 3121 770 3184 (lancianasA
787 3122 926 3172 lantionas
941 3121 962 3169 B
979 3122 1034 3171 Lo·

65 3191 165 3255 gionas
184 3192 279 3251 Liuia.)
297 3191 476 3240 halamannos
494 3190 648 3252 (alamanus
667 3189 695 3252 0)
712 3189 740 3236 ιι
760 3186 770 3254 1
793 3191 823 3238 12
841 3189 968 3238 foderato
987 3188 1033 3253 A?

65 3253 111 3320 tu]
131 3260 202 3307 utA
225 3256 236 3322 11
265 3260 297 3308 13
315 3259 387 3308 tanti
404 3258 438 3305 W
457 3263 461 3318 1
481 3257 589 3307 uideres
607 3258 624 3305 0
642 3270 680 3305 w:
700 3256 804 3306 uideris
821 3256 848 3303 u
871 3254 882 3321 11
907 3258 938 3305 14
956 3255 1034 3306 ‹liaci-

65 3324 175 3374 mulatu
192 3327 215 3373 A
243 3322 253 3388 11
284 3326 315 3374 18
335 3325 527 3374 crudelitatem
545 3325 585 3386 Al
603 3339 672 3375 corr
691 3325 826 3375 Acidaliae
855 3321 865 3387 1
894 3324 927 3373 20
945 3336 1034 3387 queg

64 3389 74 3457 11
98 3393 132 3442 23
150 3392 346 3456 quisquamA:
366 3393 512 3456 quicquam
529 3391 549 3439 B
567 3393 584 3440 0
603 3392 624 3439 V
641 3391 694 3452 W!
733 3395 805 3440 otest
824 3406 859 3440 eu
877 3406 935 3439 eo
955 3393 1034 3452 potes

64 3466 96 3510 to
114 3460 154 3523 Π,
173 3460 221 3509 sed
237 3464 266 3508 tc
285 3475 331 3510 om.
350 3461 366 3507 0
390 3456 400 3523 11
423 3460 457 3508 24
474 3464 518 3509 set
535 3474 595 3522 epa:
614 3463 641 3507 et
658 3459 686 3505 1
709 3407 731 3521 1λ
743 3459 776 3507 27
794 3406 1009 3522 tamenftirmc

830 3541 880 3589 lo*
