2294 3780
384 139 545 191 TRAIANO
563 138 599 188 D.
620 141 729 192 ‘ra-24.
999 138 1038 201 21

68 291 159 355 nuit!
196 292 234 353 ut
255 289 351 373 plena
377 287 529 351 altaribus
536 338 546 371 ‚
575 292 713 372 angusta
741 287 882 352 uictimis
909 292 1038 352 cuncta!

70 378 108 438 ut
129 374 166 438 in
187 373 283 437 unius
305 373 442 436 salutem
466 372 581 436 collata
601 373 745 435 omnium
766 374 857 435 uota!
886 393 957 435 cum
980 374 1040 435 sibi

70 480 104 522 se
135 479 172 521 ac
202 456 311 520 liberis
339 457 404 520 suis
427 457 653 540 intellegerent
680 456 802 539 precari
826 477 907 538 quae
928 477 986 540 pro
1008 460 1040 520 te

67 545 290 626 precarentur.
333 540 408 604 inde
435 544 472 605 tu
498 540 534 604 in
561 541 716 623 palatium
744 540 886 624 quidem,
920 541 974 604 sed
1004 562 1041 603 eo

67 627 178 708 uultu,
211 647 249 689 ea
276 624 509 706 moderatione,
540 627 577 687 ut
598 625 626 687 si
647 625 808 707 priuatam
837 626 964 689 domum
987 644 1068 708 pes

68 715 172 793 teres3
219 709 316 773 ceteri
353 708 393 772 ad
424 712 558 792 penates
596 729 670 772 suos
701 709 832 793 quisque
869 710 1040 773 iteraturus

69 793 183 879 gaudii
205 794 316 876 fidem,
339 792 394 856 ubi
416 792 506 856 nulla
527 792 702 856 necessitas
725 792 886 876 gaudendi
908 798 965 858 est.

134 876 255 942 XXIV.
301 877 474 941 Onerasset
496 877 593 940 alium
617 877 683 940 eius
705 877 792 940 modi
814 877 979 963 introitus;
1006 880 1041 941 tu

71 962 189 1026 cotidie
207 961 426 1025 admirabilior
442 965 475 1024 et
488 961 611 1043 melior,
626 961 701 1023 talis
714 961 850 1044 denique
861 963 969 1046 quales
986 962 1041 1025 alii

69 1046 236 1131 principes
250 1046 374 1109 futuros
390 1067 424 1108 se
435 1048 562 1108 tantum
573 1045 774 1129 pollicentur.
796 1045 900 1110 solum
916 1069 992 1131 ergo
1007 1050 1040 1111 te
1054 1067 1079 1105 ιο

71 1131 276 1194 commendat
291 1132 448 1213 augetque
463 1130 616 1212 temporis
631 1130 779 1212 spatium.
803 1130 937 1194 iunxisti
955 1132 1041 1195 enim

70 1236 109 1278 ac
131 1214 289 1278 miscuisti
311 1236 362 1277 res
385 1214 633 1295 diuersissimas,
659 1214 863 1277 securitatem
886 1215 962 1278 olim
984 1216 1042 1278 im-

70 1299 219 1383 perantis
242 1302 274 1361 et
295 1297 481 1380 incipientis
502 1297 666 1380 pudorem.
689 1318 755 1360 non
777 1303 814 1360 tu
837 1298 955 1361 ciuium
978 1320 1042 1361 am-

69 1383 185 1466 plexus
215 1382 256 1446 ad
283 1382 381 1465 pedes
407 1385 479 1446 tuos
506 1381 658 1463 deprimis
686 1401 745 1444 nec
773 1381 916 1444 osculum
946 1403 1043 1445 manu

71 1465 196 1531 reddis:
234 1469 345 1530 manet
372 1467 556 1550 imperatori
584 1485 707 1548 quoque
734 1465 823 1549 prior
845 1466 908 1528 oris
931 1465 1041 1530 huma·
1054 1485 1080 1526 rs

71 1552 173 1614 nitas:
197 1550 367 1615 incedebas
391 1550 540 1634 pedibus3
563 1550 701 1614 incedis:
723 1549 896 1616 laetabaris
919 1551 1041 1634 labore3

71 1635 219 1699 laetaris:
242 1636 353 1699 eadem
372 1635 430 1698 illa
451 1656 531 1717 quae
553 1635 662 1698 omnia
684 1634 768 1699 circa
787 1639 820 1699 te
834 1635 916 1699 nihil
937 1636 1042 1718 ipsum

71 1723 105 1782 te
128 1719 261 1783 fortuna
282 1721 430 1783 mutauit.
456 1718 592 1783 liberum
615 1723 663 1782 est
684 1719 885 1803 ingrediente
906 1740 964 1802 per
985 1742 1042 1802 pu·

70 1803 193 1867 blicum
230 1804 354 1887 rincipe
370 1801 541 1867 subsistere
557 1824 730 1882 occurrere,
747 1804 892 1868 comitari
902 1807 1041 1887 praeter-

71 1889 136 1951 ire:
160 1826 306 1951 ambulas
328 1888 414 1951 inter
435 1908 504 1968 nos,
527 1908 594 1950 non
613 1889 703 1970 quasi
724 1908 789 1953 noa
806 1889 986 1973 contingas,
1010 1893 1080 1952 etro

72 1972 202 2054 copiam
223 1973 281 2053 tui,
303 1993 369 2035 non
391 1974 427 2034 ut
449 1973 596 2054 imputes,
618 1973 708 2036 facis.
739 1970 851 2036 haeret
872 1974 965 2037 lateri
986 1977 1041 2037 tuo

94 2057 217 2139 uisquis
234 2057 385 2138 accessit,
408 2055 567 2137 finemque
583 2056 739 2120 sermonis
755 2078 829 2120 suus
851 2057 963 2140 cuique
984 2080 1041 2139 pu-

72 2078 147 2222 dor,
171 2161 236 2203 non
265 2143 321 2204 tua
349 2139 498 2222 superbia
520 2139 610 2203 facit.
655 2140 797 2223 regimur
840 2141 947 2203 uidem
970 2161 988 2202 a
1009 2145 1041 2202 te

74 2227 108 2288 et
131 2223 267 2287 subiecti
288 2224 361 2305 tibi,
397 2223 452 2287 sed
475 2224 740 2306 quemadmodum
768 2162 893 2306 legibus
921 2244 1040 2286 sumus.
1110 2255 1113 2260 ·

72 2330 151 2371 nam
179 2312 212 2371 et
232 2307 306 2371 illae
334 2308 524 2392 cupiditates
551 2311 676 2370 nostras
698 2306 909 2388 libidinesque
937 2307 1041 2369 mode·
1054 2324 1080 2364 aa

73 2395 202 2475 rantur,
240 2392 406 2456 nobiscum
439 2396 551 2456 tamen
588 2395 620 2455 et
652 2391 736 2454 inter
768 2411 827 2453 nos
860 2394 1040 2455 uersentur.

73 2477 214 2558 emines,
237 2477 378 2554 excellis,
402 2479 438 2540 ut
459 2476 578 2558 honor,
601 2478 638 2540 ut
658 2477 816 2559 potestas,
843 2497 924 2559 quae
947 2497 1042 2559 super

72 2559 220 2624 homines
254 2559 396 2643 quidem,
430 2560 596 2624 hominum
630 2563 705 2624 sunt
737 2564 855 2626 tamen.
901 2564 976 2625 ante
1009 2565 1041 2625 te

73 2645 237 2728 principes
251 2645 382 2708 fastidio
405 2647 509 2709 nostri
531 2648 564 2708 et
578 2647 714 2729 quodam
736 2647 937 2729 aequalitatis
954 2650 1041 2708 metu

71 2751 168 2793 usum
190 2729 307 2812 pedum
329 2729 511 2793 amiserant.
555 2729 627 2793 illos
655 2750 731 2813 ergo
760 2730 861 2793 umeri
889 2730 1039 2793 ceruices·
1054 2745 1080 2784 ³0

74 2835 136 2896 que
160 2834 323 2878 seruorum
346 2835 440 2897 super
463 2834 518 2877 ora
539 2817 664 2896 nostra,
689 2817 720 2876 te
742 2813 846 2896 fama,
872 2816 905 2877 te
927 2814 1039 2897 gloria,

72 2901 107 2961 te
129 2898 248 2961 ciuium
269 2898 387 2981 pietas,
411 2901 444 2961 te
466 2897 597 2961 libertas
621 2919 716 2980 super
737 2899 858 2980 priores
880 2898 1041 2981 principes

143 3120 267 3170 asalute
285 3120 311 3166 111
331 3117 342 3183 ΙΙ
364 3115 456 3186 rubi]
475 3120 526 3169 tibi
543 3120 563 3168 B
583 3121 604 3168 V
624 3118 634 3184 ll
657 3122 688 3169 15
713 3133 818 3184 quoque
837 3122 942 3177 scripsi:
969 3135 1040 3184 quae

73 3192 116 3237 uel
139 3203 190 3250 que
213 3190 240 3234 Η
260 3185 270 3251 ΙΙ
293 3190 323 3236 11
352 3186 448 3237 eadem
470 3186 521 3235 illa
544 3203 614 3250 quae
640 3188 731 3237 omnia
752 3189 860 3250 scripsi:
890 3186 1040 3250 eademque

73 3254 123 3304 illa
142 3255 234 3303 omnia
251 3255 271 3303 B
290 3256 312 3301 V
329 3255 361 3302 W
381 3255 529 3318 eademque
547 3256 639 3303 omnia
657 3253 705 3304 illa
723 3257 741 3303 c
763 3251 768 3316 Ι
787 3254 877 3319 ipsum
894 3254 1041 3303 Liuineius:

72 3323 135 3386 ipso
153 3322 180 3369 Η
199 3322 229 3370 iu
247 3323 307 3385 ipso
325 3323 430 3384 Lipsius
447 3319 457 3386 ΙΙ
477 3323 507 3371 19
526 3321 648 3386 principe
666 3338 711 3371 om.
725 3323 758 3369 W
776 3320 786 3386 ΙΙ
804 3325 836 3371 ‘20
853 3337 908 3370 non
926 3323 1017 3371 addidi
1032 3319 1041 3385 {l

74 3391 108 3438 22
127 3389 247 3438 sermoni
264 3390 302 3450 Μ,
322 3391 428 3439 correct
439 3388 449 3454 11
466 3390 499 3438 28
518 3393 548 3438 at
567 3394 631 3438 ante
650 3393 678 3438 te
697 3389 835 3455 principes
854 3389 945 3438 nostri
960 3388 1042 3436 lasti-

76 3455 121 3507 dio
140 3470 165 3503 w
177 3454 187 3520 ΙΙ
200 3458 232 3506 32
250 3458 356 3520 priores
373 3458 481 3522 serpsi:
498 3456 575 3524 ipsos
591 3455 620 3505 u
637 3471 736 3510 omues
753 3472 781 3526 ς.
