2294 3780
285 162 741 218 1111111111011111111).
764 167 839 216 1-3.
986 165 1047 229 133

79 311 265 376 restitutae:
286 309 402 376 haereo
423 332 553 396 prorsus
576 314 608 376 et
629 313 741 396 stupeo
764 315 796 377 et
809 316 939 397 praeter
958 315 1048 380 illam

80 417 118 459 ex
141 395 207 459 otio
235 416 306 459 meo
328 395 513 460 tarditatem
535 400 627 460 tanta
647 418 754 461 rerum
782 398 865 462 mole
887 397 1049 463 deterreor

80 484 115 544 nt
142 479 204 544 hoc
238 501 302 543 uno
335 480 422 544 nitar
446 479 577 545 hortatu
612 480 696 565 quod
725 503 763 546 ex
790 485 1049 567 quantacumque

79 563 203 628 desidia
235 565 382 648 quamuis
417 565 553 628 maxime
588 566 726 629 orationi
755 565 910 650 imparem
933 588 1049 650 parem

78 649 179 730 facis,
207 647 340 731 Caesar,
368 648 506 731 auditor,
534 650 725 732 praesertim
747 671 819 715 oum
840 651 969 716 fauente
990 670 1075 716 11111

80 733 167 796 mine
189 735 245 796 tuo
267 735 336 816 ipse
357 732 412 796 ille
440 733 504 797 iam
525 733 649 816 pridem
671 734 764 814 mihi,
796 736 850 819 qui
872 737 1049 801 1111111111-

80 839 150 881 cem
184 817 307 900 primus
342 817 465 897 eduxit,
504 817 684 882 diuinarum
717 820 818 902 patris
846 820 895 884 tui
924 821 1049 887 aurium

79 901 187 966 aditus
216 901 367 965 euenerit.
412 922 475 984 quo
497 901 624 966 facilius
648 903 825 968 maiestatis
847 907 922 968 tuae
945 926 1048 970 recor-

79 987 210 1050 datione
238 985 377 1049 confisus
405 1005 536 1068 possum
563 987 620 1050 illa
649 1008 730 1070 quae
754 990 833 1052 tunc
861 989 946 1053 dicta
973 994 1049 1054 sunt

78 1069 254 1154 praeterire
277 1072 372 1152 atque
394 1068 481 1135 hunc
503 1092 682 1136 samonem
705 1072 815 1135 abhis
838 1093 916 1156 quae
939 1078 1088 1138 secutam

78 1156 157 1219 sunt
178 1152 339 1218 inchoare.

144 1237 187 1303 ΙΙ.
231 1236 430 1321 Quamquam
456 1238 557 1302 multa
584 1239 664 1302 mihi
692 1262 730 1304 ex
753 1239 817 1303 illis
839 1262 963 1324 quoque
986 1241 1048 1306 hoc

77 1323 114 1387 in
128 1325 274 1406 tempore
294 1323 473 1386 necessario
489 1323 686 1387 transeunda
700 1327 777 1388 sunt
792 1345 829 1387 ac
845 1326 1048 1407 potissimum

80 1429 118 1472 ea
140 1407 257 1490 quibus
279 1406 385 1471 officio
408 1405 505 1471 delati
527 1406 607 1471 mihi
629 1429 648 1471 a
670 1407 839 1472 diuinitate
864 1413 971 1473 uestra
991 1408 1048 1473 ho-

77 1492 169 1556 noris
191 1491 333 1573 interlui,
356 1494 468 1574 captus
491 1491 613 1556 scilicet
634 1513 691 1556 rex
708 1492 922 1558 ferocissimae
944 1495 1047 1559 natio·
1061 1513 1088 1554 1s

78 1576 132 1640 nis
159 1575 244 1640 inter
265 1575 352 1658 ipsas
380 1597 458 1659 quas
482 1575 673 1641 moliebatur
694 1577 827 1642 insidias
855 1583 887 1644 et
909 1601 928 1642 a
948 1581 1049 1664 ponte

78 1659 187 1725 Rheni
215 1681 315 1743 usque
342 1659 381 1723 ad
404 1659 545 1724 Danuuii
567 1663 740 1726 transitum
762 1662 973 1727 Guntiensem
997 1664 1049 1726 de-

79 1749 155 1809 usta
189 1747 284 1828 atque
317 1744 471 1809 exhausta
498 1745 626 1828 penitus
652 1747 868 1812 Alamannia:
910 1769 987 1812 nam
1015 1751 1050 1812 et

79 1829 204 1894 maiora
225 1831 301 1893 sunt
327 1850 423 1914 quam
444 1832 482 1893 ut
503 1831 645 1895 enarrari
668 1832 753 1895 inter
774 1831 838 1896 alia
859 1832 984 1916 possint
1006 1835 1048 1916 et,

78 1935 123 1979 ne
150 1914 230 1978 meis
257 1935 381 1998 quoquc
411 1914 579 1998 stipendiis
609 1915 718 1981 uidear
744 1917 893 2000 gloriari,
926 1917 1048 1982 sufficit
1061 1936 1088 1977 ao

80 1999 297 2066 conscientiae
312 2020 401 2062 meae
416 1999 472 2062 illa
487 1999 614 2067 uidisse.
641 2000 695 2066 det
709 2001 808 2085 igitur
821 2002 910 2083 mihi,
931 2001 1049 2067 Caesar

79 2083 213 2167 inuicte,
235 2082 407 2147 hodiernae
422 2083 650 2167 gratulationis
669 2084 833 2149 exordium
849 2086 978 2148 diuinus
992 2085 1048 2148 ille

78 2171 207 2233 uestrae
239 2167 415 2232 maiestatis
449 2171 537 2231 ortus
570 2168 640 2252 ipso
673 2189 736 2252 quo
767 2168 874 2233 illuxit
906 2169 1048 2251 suspicio

79 2253 166 2317 ueris
181 2252 346 2336 illustrior,
370 2252 421 2316 cni
436 2252 504 2316 dies
524 2274 654 2316 screnus
669 2256 774 2334 atque,
798 2255 835 2315 ut
850 2252 1047 2315 celebrantes

79 2337 256 2419 sensimus,
286 2337 370 2401 ultra
395 2337 554 2401 rationem
580 2337 734 2420 temporis
762 2336 810 2398 sol
833 2336 973 2399 aestiuus
998 2335 1046 2398 111-
1060 2351 1086 2393 as

80 2422 191 2504 caluit,
214 2422 399 2506 augustiore
413 2421 542 2506 fulgens
558 2420 687 2485 luminis
702 2419 849 2485 claritate
864 2442 959 2504 quam
975 2441 1048 2484 cum

79 2506 240 2592 originem
266 2506 377 2570 mundi
401 2505 564 2570 nascentis
592 2503 762 2588 animauit,
792 2505 947 2589 siquidem
969 2506 1048 2569 tunc

78 2592 167 2657 inter
187 2591 244 2655 illa
266 2612 373 2655 rerum
394 2593 507 2655 tenera
527 2590 700 2675 primordia
726 2590 911 2655 moderatus
933 2589 1048 2654 dicitur

80 2697 125 2741 ne
145 2679 277 2741 noceret
293 2675 467 2757 ardentior,
489 2696 575 2739 nunc
598 2677 734 2740 certasse
757 2674 897 2740 creditur
918 2695 960 2739 ne
981 2695 1048 2737 ma·

80 2762 196 2826 iestate
218 2763 327 2824 uestra
348 2760 509 2824 uideretur
530 2760 701 2824 obscurior.
1059 2775 1085 2815 eo

146 2844 205 2910 111.
233 2844 260 2909 0
283 2844 359 2908 felix
374 2844 565 2940 beatumque
586 2865 643 2907 uer
663 2864 750 2908 nouo
766 2847 871 2927 partu,
895 2843 958 2906 iam
980 2861 1048 2904 non

81 2928 280 2994 amoenitate
293 2928 408 2993 florum
422 2949 482 2992 nec
497 2927 660 2992 uniditste
677 2931 824 3012 segetum
838 2948 899 2992 nec
913 2925 1047 3011 gemmis

151 3155 168 3203 1
181 3152 324 3203 deterreor
334 3152 358 3200 Δ
367 3152 412 3200 VI:
432 3149 542 3201 deteror
554 3151 574 3199 B
586 3153 602 3199 c
613 3151 635 3197 V
647 3146 657 3215 11
669 3153 685 3201 3
703 3148 744 3215 ut]
764 3150 818 3199 nisi
829 3150 887 3199 edd.
901 3146 940 3212 114
958 3164 1049 3213 quem-

81 3220 127 3271 uis
145 3233 170 3269 w
196 3218 202 3284 1
227 3221 360 3284 imparem
379 3233 473 3284 parem
492 3218 563 3268 facis
583 3219 727 3268 Liuineius:
750 3218 882 3283 imparem
901 3216 970 3266 t'acit
986 3217 1014 3265 Η
1033 3215 1046 3275 ἱ1

83 3291 100 3339 7
118 3287 282 3338 diuitiarum
298 3288 321 3336 Δ
339 3286 499 3336 diuitiarum
518 3281 562 3350 (11
583 3289 598 3336 9
616 3286 718 3351 possim
735 3287 775 3348 11,
792 3301 862 3337 corr.
881 3284 1014 3334 Acidaliae
1034 3268 1046 3348 11

84 3358 116 3407 17
137 3355 315 3406 Guntiensem
328 3354 478 3404 Rhenanus:
497 3353 666 3404 contiensem
683 3353 710 3401 11
723 3351 797 3403 Bert.
814 3351 818 3416 1
835 3353 951 3402 denseta
969 3353 987 3399 0
1004 3350 1048 3400 de-

84 3427 196 3474 uastata
214 3423 271 3474 edd.
284 3418 295 3485 1
309 3424 340 3473 18
358 3420 499 3471 alamania
511 3421 531 3469 B
544 3421 562 3468 G
580 3419 719 3470 Mamania
732 3420 755 3467 V
765 3417 776 3486 1
788 3422 820 3470 21
840 3418 888 3470 det
900 3419 1048 3469 Acidaliae:

83 3490 115 3540 de
134 3495 161 3542 te
179 3490 206 3538 11
223 3488 233 3556 11
249 3491 283 3542 19
301 3488 425 3540 creditur
442 3488 509 3537 AW
520 3487 608 3538 Bert:
627 3488 728 3538 dicitur
744 3488 764 3535 11
782 3489 800 3536 (t
819 3488 841 3535 V
