2294 3780
453 157 673 209 PRAEFATIO.
976 210 982 221 ,
1005 160 1046 211 tx

77 312 230 391 ruptionis
249 331 348 390 genus
369 312 403 370 in
418 312 465 370 his
487 312 656 373 inuenitur.
683 313 787 391 itaque
807 311 885 371 nihil
903 321 1046 374 curantes

75 397 270 475 singulorum
291 397 460 475 scripturas
483 395 668 474 deprauatas
690 398 919 456 consentientes
942 415 1047 457 eorum

75 482 228 541 lectiones
257 480 334 558 siglo
362 479 385 540 6
411 480 461 539 661
489 480 695 554 exhibuimus,
730 482 790 540 nisi
818 480 942 559 quando
970 482 1046 541 locis

76 566 216 645 grauiter
242 566 392 643 corruptis
421 564 464 624 de'
481 564 612 642 singulis
634 567 742 624 testari
768 584 840 625 666
867 566 967 624 uisum
989 574 1044 625 est.

76 649 118 709 ad
140 649 289 710 familiam
310 648 333 709 6
354 650 514 728 pertinent
536 647 634 708 codex
654 649 788 722 Liuinei,
812 669 903 729 quem
922 651 951 710 V
970 658 1046 708 notu

76 735 240 813 insigniuit
262 732 331 806 ille,
357 733 548 793 Heinsianus
571 752 590 790 6
613 733 767 793 Scheffero
790 733 947 794 adhibitus
971 733 1046 811 (nisi

75 818 158 878 16616
174 819 225 877 hic
246 818 330 877 idem
351 827 398 877 est
420 827 512 896 atque
527 817 738 895 Reginensis),
760 818 956 877 Monacensis
973 819 1044 878 756.

143 900 319 962 Communis
347 902 455 962 itidem
482 901 609 978 originis
636 911 709 961 sunt
735 902 806 961 libri
828 903 968 962 Venetus
992 900 1045 983 (Β)

75 995 109 1046 61
123 986 294 1047 Vaticanus
312 988 394 1046 1776
417 981 482 1065 (7),
507 986 623 1065 quippe
645 989 698 1065 qui
721 988 753 1044 in
775 985 959 1046 lectionibus
981 989 1044 1066 ple·

74 1089 206 1149 rumque
229 1081 410 1149 congruant.
445 1089 512 1129 cum
535 1070 582 1129 his
604 1091 694 1148 porro
718 1071 836 1131 faciunt
857 1071 928 1130 libri
949 1073 1045 1132 11616-

74 1156 230 1215 166116666
253 1165 285 1214 61
307 1154 503 1215 Oolbertinus
524 1153 657 1214 Pithoei.

139 1240 229 1300 Licet
257 1250 360 1299 autem
385 1238 407 1299 0
436 1240 512 1298 satis
543 1238 683 1299 diuersus
712 1241 752 1298 sit
779 1259 798 1297 6
823 1239 849 1298 Β
871 1240 907 1313 7,
941 1250 1044 1301 tamen

75 1323 187 1384 eodem
209 1343 277 1383 cum
297 1324 347 1383 his
367 1324 462 1382 utitur
484 1332 623 1402 parents.
668 1322 749 1402 quod
772 1332 806 1381 ut
828 1323 1042 1399 demonstrem,

75 1407 249 1468 adscribam
277 1426 325 1468 ex.
348 1429 394 1487 gr.
417 1428 457 1466 ex
478 1426 550 1486 pun.
566 1407 631 1467 VII
659 1426 711 1466 sos
735 1408 819 1467 locos
847 1407 959 1486 quibus
980 1418 1043 1469 tres

74 1492 124 1552 illi
141 1493 214 1553 libri
236 1502 343 1553 contra
356 1491 396 1553 W
417 1492 484 1551 6166
506 1494 539 1552 16
553 1491 719 1551 uerborum
741 1492 955 1553 omissionibus
977 1496 1044 1555 sius

75 1578 109 1635 in
131 1578 290 1656 scripturis
314 1575 491 1656 deprauatis
514 1578 726 1636 consentiant:
764 1576 804 1635 61.
828 1597 859 1655 p.
886 1579 960 1650 160,
985 1580 1044 1654 24,

77 1664 149 1739 161,
172 1663 202 1734 8,
227 1663 276 1735 17,
300 1661 356 1739 31,
382 1662 452 1733 163,
476 1662 510 1737 5,
536 1662 677 1736 164,19,
703 1662 773 1732 165,
796 1661 892 1734 8,11,
915 1662 965 1735 23,
985 1664 1042 1738 26,

77 1746 149 1818 169,
174 1746 230 1821 21,
261 1747 331 1818 170,
358 1748 384 1817 l,
409 1746 458 1817 27,
483 1745 539 1821 32,
572 1745 640 1817 172,
665 1747 701 1820 3,
736 1746 806 1816 173,
831 1748 859 1816 6,
886 1747 939 1823 16,
972 1748 1041 1821 175,

74 1830 135 1905 25,
159 1831 230 1901 176,
255 1830 304 1901 14,
329 1829 368 1888 26
392 1836 464 1888 6616.
489 1860 532 1870 -—
558 1826 643 1888 uude
665 1828 825 1890 61666117
847 1830 893 1889 eis
916 1830 955 1890 (16
977 1833 1042 1910 qui-

74 1913 135 1973 bus
162 1913 253 1973 modo
277 1913 342 1973 (1161
362 1913 449 1972 libris
471 1913 611 1972 bonitate
638 1914 682 1973 116
703 1915 891 1993 superiorem
918 1935 984 1975 esse
1010 1924 1044 1975 ut

74 2007 107 2057 et
129 1997 301 2075 pleniorem
324 2006 355 2056 61
373 1997 527 2076 puriorem
548 1997 712 2056 uerborum
733 2006 910 2058 contextum
930 1998 1043 2060 tradat.

74 2091 206 2142 616666
233 2081 384 2142 1616111166
408 2083 491 2141 iuter
519 2082 649 2160 optimos
679 2083 813 2142 omnium
835 2084 888 2161 qui
910 2092 1044 2143 aetatem

72 2166 216 2226 tulerunt
236 2166 375 2226 codicum
403 2175 485 2226 66661
506 2166 731 2237 numerandus,
760 2167 820 2225 nisi
847 2167 931 2226 illem
952 2187 1045 2246 quum

74 2270 174 2329 supra
195 2250 428 2310 commemoraui
449 2247 551 2309 labem
574 2252 751 2329 accepisset.
785 2269 868 2308 nunc
890 2270 958 2309 cum
981 2272 1044 2311 cor·

74 2344 180 2395 rector
197 2335 232 2393 in
248 2353 284 2394 so
299 2341 454 2415 grassatus
472 2334 521 2405 sit,
544 2334 627 2395 haud
644 2335 749 2413 paucis
765 2334 850 2407 locis,
872 2334 926 2393 ubi
940 2334 965 2393 B
981 2333 1002 2394 0
1016 2335 1045 2395 V

73 2438 132 2479 nos
163 2418 325 2491 deficiunt,
362 2418 437 2496 quid
470 2419 640 2497 antiquitus
667 2418 814 2478 traditum
839 2418 879 2478 sit
906 2420 1042 2498 ignoras.

72 2502 127 2562 hic
154 2512 258 2563 661666
281 2502 343 2562 1661
365 2503 458 2581 paulo
486 2504 657 2563 accuratius
680 2502 719 2562 (16
742 2504 923 2564 correcturis
950 2505 982 2563 in
1004 2503 1044 2565 W

74 2586 178 2647 obuiis
205 2585 280 2646 mihi
308 2585 463 2665 agendum
488 2595 544 2648 est.
587 2596 708 2647 tentum
730 2588 813 2647 enim
834 2588 921 2648 abest
943 2598 977 2646 ut
999 2588 1044 2648 eis

72 2679 197 2731 tantum
222 2670 298 2731 locis
324 2671 434 2749 quibus
461 2671 540 2732 16166
561 2672 677 2733 tradita
703 2691 771 2732 esse
800 2673 829 2731 ei
856 2671 1045 2733 uidebantur

73 2774 205 2835 oporam
236 2757 361 2815 6666611
388 2754 496 2814 (166166
527 2756 580 2815 1116
609 2755 722 2828 Ι16166,
756 2764 791 2814 61
820 2774 1043 2834 saepenumero

71 2838 227 2900 lectiones
256 2857 325 2898 cum
352 2838 378 2898 Β
405 2839 427 2900 (1
454 2837 483 2897 7
511 2848 718 2916 congruentes
752 2841 927 2899 coniectura
958 2841 1044 2900 resti·

71 2924 178 2984 tuerit.
205 2924 280 2983 mihi
299 2924 405 3001 itaque
425 2944 489 2984 non
506 2923 633 2983 dubium
655 2933 702 2982 661
716 2925 791 3002 quin
805 2923 889 2983 haud
904 2944 972 2983 6666
990 2924 1044 2984 1116

72 3027 177 3069 meros
199 3009 265 3067 cius
287 3008 340 3087 qui
359 3007 399 3069 W
421 3009 560 3066 exarauit
582 3008 699 3067 librarii
721 3027 839 3068 errores
862 3010 1044 3083 correxerit3

73 3094 162 3153 cuius
190 3092 237 3151 rei
263 3093 388 3151 unicum
409 3091 523 3151 sufficit
543 3091 601 3151 hoc
629 3091 738 3151 afferre
767 3092 940 3171 exemplum
962 3093 1046 3171 quod

71 3177 194 3257 ubique
215 3176 281 3236 1666
302 3176 459 3236 litterulae
482 3176 535 3235 ‘et’
559 3177 592 3234 in
614 3195 723 3236 rasura
744 3186 816 3236 sunt
837 3177 984 3254 scriptae,
1010 3186 1046 3237 61

72 3261 213 3323 conicias
240 3260 381 3339 primitus
410 3279 462 3321 666
491 3261 581 3320 661116
609 3261 792 3339 compendio
822 3258 874 3338 (11)
903 3271 1045 3321 exaratas

70 3346 181 3407 fuisse.
228 3354 363 3405 ceterum
390 3364 575 3423 quamquem
602 3354 794 3406 correcturas
819 3345 896 3405 11166
916 3346 1058 3425 6166666-

71 3450 135 3511 que
166 3430 263 3491 erusis
285 3427 439 3508 prioribus
465 3430 624 3512 scripturis
645 3430 752 3496 166166
780 3441 860 3494 6661
877 3429 1029 3506 'sucoque
1056 3440 1081 3477 6
