2294 3780
123 157 183 221 192
441 158 492 208 m.
520 156 670 208 mosum
688 157 769 207 aar.

120 312 213 373 munt
240 308 378 390 animoa,
407 308 496 390 operi
522 314 765 390 praeparantur,
795 305 952 369 culturam
980 305 1090 369 melio·

120 395 208 458 ribus
232 394 421 457 adnituntur
443 392 602 474 auspiciis,
626 391 772 454 reuisunt
794 390 917 473 domos,
944 390 1090 455 referunt

121 481 196 542 uota
218 478 356 561 templis.
400 475 589 559 praesertim
616 497 688 539 cum
710 478 747 538 tu
773 475 915 538 omniurn
943 477 1091 539 nostrum

122 566 328 626 conseruator
355 560 522 625 adueneris
551 564 583 623 et
610 559 665 623 ille
693 559 784 643 quasi
811 559 988 623 maiestatis
1013 561 1090 625 tuae

95 663 227 710 ocomes
250 648 283 710 et
305 647 522 720 sociusdcus:
548 644 699 729 flagrabit
720 647 790 710 tota
811 643 938 724 ciuitas,
962 643 1091 728 gaudiis

120 733 299 813 perstrepet
328 734 374 812 et,
404 751 475 794 cum
501 730 728 814 proficisceris,
761 728 898 792 fortasse
926 729 1091 794 retinebit.

122 815 210 878 dabis
232 815 320 878 enirn
334 815 470 895 ueniam,
495 814 611 878 amoris
626 815 729 877 nostri
745 813 979 877 contumaciam
993 813 1090 879 feres.

121 899 265 962 omniurn
280 899 323 963 sis
338 899 414 963 licet
429 899 576 964 dominus
591 899 727 981 urbium,
750 898 892 962 omnium
910 898 1090 979 nationum,

121 1005 181 1047 nos
203 988 312 1048 tamen
336 984 432 1048 etiam
454 1005 572 1047 nomen
593 984 773 1066 accepimus
795 985 903 1046 tirum:
934 983 1000 1046 iam
1020 1004 1091 1047 non

83 1087 108 1125 ro
122 1068 291 1151 antiquum
313 1067 475 1150 Bibracte,
499 1068 583 1151 quod
605 1068 768 1151 hucusque
791 1067 911 1132 dictum
934 1071 983 1131 est
996 1066 1081 1131 Iulia

121 1151 221 1236 Polia,
236 1152 412 1235 Florentia,
425 1153 481 1218 sed
491 1152 606 1216 Flauia
617 1156 667 1216 est
678 1152 792 1216 ciuitas
804 1151 988 1216 Aeduorum
1000 1117 1091 1191 *mi

502 1408 706 1419 .-....--—-—--

575 1629 638 1702 IX.

418 1779 791 1876 INCERTI

69 1947 76 1954 ”
169 1942 480 2008 PANEGYRIOUS
504 1943 814 2010 CONSTANTINO
837 1942 1040 2011 AUGUSTO

84 2093 109 2134 15
489 2085 514 2133 D
534 2084 546 2133 1
567 2083 587 2132 Ο
607 2084 629 2132 Τ
647 2083 672 2133 U
692 2082 723 2134 S.

184 2232 209 2296 I.
254 2231 348 2298 Unde
370 2232 449 2296 mihi
471 2235 597 2297 tantum
621 2231 846 2311 confidentiae,
876 2232 1090 2297 sacratissime

121 2317 311 2401 imperator,
339 2323 376 2383 ut
397 2320 472 2401 post
498 2321 548 2381 tot
569 2318 715 2382 homines
741 2315 979 2397 disertissimos,
1009 2337 1090 2399 quos

123 2404 155 2463 et
168 2405 202 2464 in
217 2402 295 2466 urbe
311 2425 402 2467 sacra
417 2407 449 2467 et
462 2401 515 2466 hic
529 2424 637 2466 rursus
653 2401 781 2484 audisti,
798 2400 902 2465 dicere
918 2400 1089 2465 auderem?

121 2485 185 2547 nisi
207 2487 297 2549 nefas
317 2508 385 2550 esse
401 2487 549 2551 ducerem
572 2492 605 2550 et
627 2486 788 2550 commissi
807 2485 971 2549 cuiusdam
993 2487 1090 2551 sacri-

83 2583 108 2622 20
121 2566 198 2650 legii
220 2569 411 2654 religionem
432 2591 568 2651 uererer,
592 2571 676 2650 siis,
701 2570 755 2653 qui
778 2591 903 2654 semper
924 2591 975 2633 res
998 2592 1090 2635 anu·

121 2653 208 2715 mine
223 2656 278 2716 tuo
301 2657 409 2738 gestas
424 2655 609 2737 praedicare
631 2655 743 2718 solitus
766 2676 877 2738 essem,
901 2654 982 2719 haec
998 2659 1090 2720 tanto

121 2735 243 2800 maiora
264 2738 409 2821 pristinis
438 2737 565 2801 silentio
587 2740 810 2821 praeterirem,
839 2760 897 2823 per
920 2760 1000 2821 quae
1021 2761 1090 2803 non

120 2842 194 2904 pars
218 2822 324 2906 aliqua
344 2826 480 2904 seruata,
504 2822 559 2885 sed
573 2823 723 2887 uniuersa
743 2823 805 2887 sibi
826 2827 875 2887 est
894 2823 1091 2907 respublica

189 3013 345 3062 3n0etrum
362 3013 409 3060 W:
434 3016 589 3062 nostrorum
605 3013 628 3061 A
646 3014 666 3061 B
685 3013 742 3061 07
771 3010 780 3077 ΙΙ
809 3014 826 3062 4
847 3010 896 3062 ille
921 3013 1001 3077 qnasi
1019 3012 1091 3063 Liui·

121 3078 206 3126 neius:
231 3079 310 3141 quasi
327 3078 375 3128 ille
392 3081 419 3127 11
436 3078 511 3129 Bere.
536 3080 615 3143 quasi
632 3081 693 3144 ipse
712 3081 920 3146 Eyssenhardtua
949 3077 959 3145 ΙΙ
989 3079 1090 3132 bdeus

121 3159 181 3208 epo:
200 3160 247 3196 om.
266 3147 294 3193 11
313 3142 323 3210 ΙΙ
345 3149 360 3196 7
385 3148 471 3199 amori
489 3156 584 3197 nostro
603 3160 628 3195 w
651 3152 655 3211 Ι
682 3150 880 3200 contumaciam
897 3150 1007 3212 scripsi:
1027 3163 1092 3199 oon·

121 3212 261 3261 tumeliam
278 3214 305 3260 H
322 3212 332 3278 ΙΙ
354 3217 386 3265 10
404 3215 536 3265 Bibracte
555 3215 647 3279 dorp:
666 3215 802 3266 bribracte
819 3219 841 3264 A
859 3218 876 3264 0
895 3217 917 3263 V
935 3228 960 3263 w
977 3215 1090 3267 bribrae

120 3281 149 3327 te
166 3278 186 3326 B
205 3279 378 3331 bribacteW
395 3285 454 3333 m.1
475 3280 479 3346 Ι
500 3284 576 3334 dictu
595 3299 654 3348 epo:
674 3284 792 3333 dictali
820 3282 830 3349 ΙΙ
861 3285 891 3334 11
912 3284 1043 3335 eduorum
1062 3288 1090 3334 et

122 3350 216 3395 cetera
234 3345 433 3414 (compendiose)
451 3352 482 3414 A,
500 3353 566 3402 unde
584 3355 701 3402 lacunam
718 3353 859 3415 ripnr'ficaui
875 3350 885 3417 ΙΙ
903 3353 934 3402 16
952 3367 1009 3403 sae.
1026 3354 1054 3400 Ι
1074 3350 1088 3417 ti

122 3413 153 3463 17
171 3413 243 3465 hom.
262 3417 355 3468 disert.
372 3418 541 3470 Awana:
561 3419 653 3470 disert.
672 3420 742 3470 hom.
761 3417 913 3483 3071118
930 3434 1026 3471 rursus
1043 3419 1090 3470 hic

122 3479 196 3533 Bere.
214 3480 224 3549 ΙΙ
245 3486 277 3534 21
296 3485 455 3551 predicares
473 3489 496 3537 A
512 3485 522 3552 ΙΙ
539 3488 571 3537 22
590 3487 692 3538 maiora
710 3502 727 3536 a
744 3484 844 3551 A1123
862 3486 916 3537 sibi
933 3503 977 3539 res
996 3493 1039 3539 est
1056 3489 1091 3535 W
