2294 3780
108 125 169 191 170
419 128 479 178 vu.
510 125 657 177 luccam
675 124 755 177 nau.

107 278 255 360 quotiens
277 277 355 341 uelis
362 326 371 360 ‚
394 278 429 340 in
451 276 609 341 hosticum
631 274 834 356 transeundi,
858 274 976 359 quippe
999 295 1072 339 eum

105 365 193 427 totus
216 362 348 426 armatis
370 361 506 425 nauibus
523 359 655 424 Rhenus
677 360 850 425 instructus
874 359 916 422 sit
937 362 971 424 et
992 360 1072 443 ripis

106 448 253 512 omnibus
280 468 378 529 usque
407 445 447 509 ad
468 466 622 509 oceanum
649 443 822 528 dispositus
850 442 942 507 miles
968 443 1073 508 immi-

105 535 190 596 neat.
236 530 291 594 sed
313 531 458 614 pulcrum
487 530 546 594 tibi
571 529 695 593 uidetur
724 530 771 613 (et
792 549 904 593 reuera
925 527 1072 611 pulcher·

80 618 220 680 5rimum
244 614 307 700 est)
335 616 371 678 ut
392 613 523 678 Rhenus
549 615 603 678 ille
630 634 696 677 non
724 613 826 677 solum
854 611 1072 696 superioribus

105 699 202 781 lucie,
231 699 286 762 ubi
312 701 368 763 aut
388 697 557 763 latitudine
585 697 720 762 uadosus
748 700 804 763 aut
830 695 951 761 uicinia
972 697 1073 762 fontis

106 784 249 868 exiguus,
272 782 326 847 sed
345 783 442 847 etiam
463 783 509 847 ibi
523 804 609 848 nouo
632 786 729 866 ponte
752 783 892 847 calcetur
913 781 969 844 ubi
985 785 1072 847 totus

106 871 164 947 est,
186 868 240 931 ubi
263 868 326 931 iam
347 867 503 951 plurimos
524 867 632 932 hausit
654 888 763 931 amnes
786 888 864 950 quos
886 865 939 931 hic
960 870 1074 932 noster

104 952 257 1036 indigena
283 951 399 1016 fluuius
433 955 465 1016 et
492 952 646 1017 barbarus
673 951 772 1016 Nicer
801 956 833 1016 et
860 949 996 1015 Moenus
1024 951 1072 1016 iu·

67 1054 93 1094 10
105 1037 207 1115 uexit,
239 1035 293 1100 ubi
320 1035 384 1099 iam
412 1037 545 1101 immani
571 1039 679 1101 meatu
700 1035 790 1100 ferox
817 1038 849 1099 et
871 1035 954 1100 aluei
976 1037 1072 1101 unius

104 1119 846 1287 ittffitzitti5⁰t¹¹tmt⁶⁵ttt¹⁰5ttb
875 1119 1073 1268 111113·

195 1255 204 1288 7
610 1255 619 1287 7

104 1289 1073 1439 ttttttttbttmtttttttttbtttt

65 1475 90 1517 1⁵
104 1460 249 1524 mitatem
264 1459 422 1524 habitura.
448 1459 590 1523 iunxerit
603 1460 682 1524 licet
695 1456 854 1542 quondam
868 1457 1073 1555 Heliesponti

105 1545 271 1628 angustias
294 1544 393 1606 classe
416 1564 536 1606 conexa
550 1543 720 1608 Persarum
742 1563 798 1606 rex
813 1545 1071 1626 potentisslmus:

103 1627 315 1711 temporarius
336 1627 391 1691 ille
413 1628 567 1691 transitus
590 1627 663 1691 suit.
695 1626 792 1691 simili
814 1626 945 1691 nauium
969 1627 1072 1692 conti·

103 1711 257 1775 nuatione
271 1710 431 1775 Baianum
448 1711 555 1775 sinum
570 1711 723 1776 strauerit
737 1711 778 1775 ab
794 1711 942 1795 Augusto
958 1711 1072 1776 tertius

105 1793 239 1859 Caesar:
277 1794 413 1859 delicata
439 1795 500 1858 fuit
529 1796 586 1858 illa
613 1796 754 1860 uectatio
781 1795 937 1879 principis
967 1797 1071 1862 otiosi.

66 1877 165 1941 aohoc
188 1899 267 1961 opus
291 1880 323 1942 et
338 1878 468 1943 difficile
483 1879 570 1943 factu
593 1883 624 1943 et
646 1901 704 1943 usu
719 1879 862 1943 futurum
884 1883 933 1943 est
955 1881 1072 1964 sempi-

104 1965 241 2026 ternum.
266 1965 351 2027 certe
368 1963 495 2047 quidem
516 1964 580 2027 iam
595 1964 656 2028 tibi
670 1964 705 2027 in
721 1964 849 2028 exordio
864 1964 914 2028 sui
929 1962 1072 2029 hostium

104 2046 207 2110 mouit
229 2046 395 2130 obsequia,
419 2048 472 2130 qui
494 2069 607 2131 pacem
631 2048 789 2132 supplices
811 2049 987 2133 petierunt,
1015 2069 1073 2114 no·

104 2131 275 2196 bilissimas
298 2132 423 2198 obsides
446 2132 642 2198 obtulerunt.
683 2154 721 2197 ex
744 2154 805 2216 quo
828 2154 921 2197 nemo
945 2131 1073 2198 dubitat

104 2216 180 2364 quii
206 2217 348 2365 pterfecto
377 2220 476 2302 ponte
503 2217 623 2283 facturi
651 2217 717 2281 sint
750 2217 805 2299 qui
833 2217 897 2281 iam
925 2218 1073 2282 seruiunt

65 2319 157 2365 aslnc
181 2321 220 2365 oa
236 2323 263 2366 0.

167 2384 253 2450 XIV.
299 2384 429 2450 Talibus
457 2389 489 2450 te
516 2408 576 2472 pro
603 2385 741 2451 utilitate
769 2406 806 2450 ac
829 2384 988 2470 dignitate
1010 2409 1069 2470 pu-

103 2469 187 2533 blica
215 2471 310 2534 rebus
338 2471 500 2535 intentum
528 2474 711 2535 auerterunt
737 2470 772 2535 in
800 2492 833 2534 se
861 2469 937 2534 noui
964 2474 1071 2535 motus

104 2551 171 2616 eius
198 2551 337 2617 hominis
367 2574 461 2635 quem
490 2554 687 2620 successibus
709 2555 773 2618 tuis
801 2555 938 2619 maxime
960 2555 1071 2619 fauere

104 2636 269 2700 decuisset.
312 2637 434 2720 dequo
464 2660 523 2722 ego
546 2639 812 2723 quemadmodum
835 2640 936 2704 dicam
966 2638 1071 2704 adhuc

65 2719 203 2784 eoferme
226 2720 336 2785 dubito
359 2721 451 2786 etde
473 2725 553 2787 nutu
574 2723 716 2786 numinis
738 2725 785 2787 tui
809 2727 942 2808 expecto
965 2724 1071 2789 consi-

102 2805 191 2870 lium.
218 2805 393 2889 quamlibet
414 2806 499 2870 enim
522 2806 636 2871 meritc
658 2807 788 2891 pietatis
810 2813 882 2872 tuae
905 2808 1070 2893 questibus

103 2894 252 2972 acuatur,
289 2890 384 2955 debet
414 2895 523 2955 tamen
557 2891 619 2956 sibi
650 2913 712 2956 uox
739 2895 864 2975 priuata
897 2893 1068 2976 moderari,

172 3114 184 3160 l
199 3112 332 3161 hosticum
345 3113 367 3160 Α
378 3113 411 3159 W
424 3111 515 3163 Rarus
533 3113 639 3164 hostem
658 3130 718 3164 cum
736 3115 756 3163 B
769 3117 786 3163 c
799 3115 820 3161 V
832 3114 842 3178 ΙΙ
856 3118 870 3165 1
890 3113 985 3180 etiam]
1006 3120 1034 3166 et
1052 3117 1069 3164 t}

106 3176 119 3242 Η
139 3181 154 3228 9
172 3178 304 3242 indigena
322 3182 373 3239 (uel
391 3179 464 3242 mua)
483 3184 579 3244 scripsi
589 3184 604 3232 l.
618 3185 634 3235 I.
646 3199 672 3246 p.
686 3185 750 3231 219:
769 3183 867 3245 ingens
885 3186 912 3231 Π
932 3181 942 3247 ΙΙ
966 3185 996 3232 11
1016 3183 1069 3233 duo

102 3246 326 3308 Eyssenuamas:
345 3246 506 3312 3111111111
524 3249 638 3299 maxime
658 3266 704 3300 om.
724 3250 790 3298 ΑΨ
803 3250 812 3311 ΙΙ
831 3252 862 3300 14
879 3249 961 3301 fidem
979 3252 1002 3299 Δ
1038 3253 1071 3301 24

103 3311 256 3378 profectae
271 3311 275 3375 Ι
292 3313 480 3380 futuriAt'Zt
499 3322 525 3366 te
537 3332 586 3381 pro
605 3319 678 3368 adds
696 3331 744 3381 pro
757 3321 785 3366 te
797 3319 823 3366 Ι
861 3333 922 3368 orrc
936 3323 964 3368 te
975 3331 1000 3367 w
1025 3314 1068 3369 '27

104 3383 264 3430 auerterunt
276 3379 433 3434 sunere:
448 3388 579 3434 auertunt
589 3383 609 3432 B
619 3387 637 3434 0
647 3386 670 3433 V
682 3383 692 3449 ΙΙ
705 3387 738 3436 30
750 3333 858 3450 (11111ῐοῖ
877 3385 970 3436 iudico
983 3387 1001 3434 (t
1036 3387 1069 3435 3⁶2

102 3451 219 3501 acuatur
229 3451 325 3515 scripsi
336 3451 577 3515 !.I.:arguutur}1
592 3450 596 3515 1
612 3454 723 3518 priuata
732 3451 888 3502 sunere:
901 3453 989 3518 prima
998 3453 1068 3502 ΒΜ
