2294 3780
118 162 178 226 126
405 166 451 215 1V.
477 165 637 217 suuntur
655 163 792 216 oacrio

117 318 320 397 compertam.
367 312 456 377 saluo
484 312 584 396 igitur
609 312 781 397 priuilegio
809 270 979 397 dignitatis
1006 315 1085 379 tuae

116 397 281 463 hortamur
309 399 346 460 ut
371 397 604 481 professionem
631 396 804 460 oratoriam
830 399 956 480 repetas
986 400 1083 482 atque

115 482 149 545 in
177 503 274 565 supra
302 481 388 545 dicta
416 481 562 564 ciuitate,
592 501 688 564 quam
714 501 780 545 non
801 481 930 566 ignoras
958 500 1017 545 nos
1040 481 1085 546 ad

114 566 286 711 pristinam
308 565 442 648 gloriam
464 565 654 648 reformare,
682 565 722 629 ad
743 565 831 629 uitae
852 565 993 629 melioris
1016 568 1083 630 stu·

88 674 101 714 5
136 649 201 711 ium
231 650 482 714 adulescentium
510 649 635 713 excolas
663 651 788 713 mentes
815 670 876 713 nec
900 652 993 733 putes
1019 648 1083 714 hoc

114 754 246 797 munere
274 735 347 797 ante
369 733 472 816 partis
499 732 619 816 aliquid
639 734 704 797 tuis
727 732 901 797 honoribus
924 732 1085 818 derogari,

116 837 188 880 oum
219 816 354 882 honesta
380 817 536 900 professio
569 820 662 881 ornet
686 817 794 901 potins
827 837 955 881 omnem
983 838 1083 900 quam

115 900 259 965 destruat
280 901 481 985 dignitatem.
526 900 662 984 denique
692 901 789 965 etism
816 901 966 964 salarium
986 903 1020 964 te
1046 901 1085 965 in

115 986 258 1049 sexcenis
286 984 415 1049 milibus
442 1006 609 1049 nummum
643 1006 681 1048 ex
708 985 756 1048 rei
782 985 929 1067 publicae
956 985 1083 1049 uiribus

76 1092 101 1131 10
115 1071 265 1153 consequi
292 1069 437 1133 uolumus
444 1119 453 1150 ,
483 1072 520 1132 ut
547 1068 718 1153 intellegas
747 1069 869 1132 meritis
891 1068 955 1132 tuis
983 1069 1085 1133 etiam

113 1154 258 1217 nostram
293 1153 457 1217 consulere
487 1153 700 1219 clementiam.
744 1153 830 1236 uale,
864 1152 1002 1217 Eumeni
1030 1174 1083 1217 oa·

112 1236 237 1301 rissime
258 1238 377 1302 nobis.'

176 1321 248 1386 XV.
278 1323 418 1387 Itanon
441 1320 568 1386 uidetur
588 1320 661 1401 tibi,
684 1321 734 1384 uir
755 1319 996 1404 perfectissime,
1018 1319 1093 1385 hac·

112 1408 277 1470 tantorum
304 1406 488 1489 principum
515 1405 737 1470 exhortatione
765 1425 833 1467 non
860 1404 963 1467 solum
989 1425 1082 1470 meus

75 1509 100 1550 15
114 1509 152 1551 ex
175 1491 241 1552 otio
263 1492 371 1554 iacens
394 1491 434 1554 ad
455 1489 609 1573 pristinas
632 1491 716 1552 artes
738 1489 864 1553 animus
887 1486 1003 1570 attolli,
1027 1509 1082 1554 ue-

112 1593 183 1636 rum
208 1573 305 1637 etiam
327 1574 390 1656 ipsi
412 1572 642 1657 quodammodo
669 1576 813 1637 ueterum
840 1571 1000 1637 scolarum
1021 1593 1081 1656 pa-

42 1702 45 1706 ι
112 1655 208 1720 rietes
224 1661 257 1720 et
271 1660 357 1722 tecta
371 1655 589 1740 consurgere?
606 1656 691 1740 quod
706 1659 792 1722 enim
807 1659 935 1720 tantum
949 1677 1082 1721 carmen

112 1740 304 1825 Amphioni,
342 1763 423 1824 quae
455 1743 549 1804 tanta
578 1741 700 1823 plectro
732 1740 910 1824 fidibusque
944 1740 1081 1805 dulcedo

113 1844 207 1905 quam
229 1829 338 1889 secuta
360 1823 522 1908 quondam
549 1846 625 1888 saxa
646 1824 872 1907 perhibentur,
901 1827 938 1888 ut
960 1825 1080 1889 ducen-

73 1929 102 1990 ²⁰,
111 1907 198 1989 tibus
227 1909 379 1973 subnecte
406 1908 541 1972 modulis
572 1911 604 1972 et
632 1908 673 1972 ad
701 1908 871 1973 interualla
901 1908 1081 1973 carminum

110 1993 294 2056 resistentia
326 1995 440 2075 sponte
466 2014 593 2056 murum
625 1993 714 2057 uelut
742 1996 810 2057 arte
842 1995 1079 2076 construerent,

112 2078 232 2158 quanta
259 2077 365 2141 inhia
388 2078 618 2160 imperatorum
644 2079 676 2141 et
698 2076 869 2142 Caesarum
890 2076 1007 2141 litteris
1029 2077 1079 2141 in-

111 2164 160 2224 est
187 2161 226 2225 ad
249 2161 354 2226 omnis
382 2162 562 2226 animorum
589 2160 727 2245 impetus
757 2161 950 2244 effectusque
971 2182 1080 2225 rerum

111 2245 240 2310 ciendos
262 2247 312 2310 uis
334 2250 428 2330 atque
450 2244 629 2330 permotio?
674 2245 743 2328 qui,
770 2245 854 2328 quod
875 2245 983 2308 iubere
1005 2266 1078 2328 pos-

72 2348 97 2390 25
112 2332 202 2410 sunt,
231 2329 362 2395 suadere
385 2329 560 2415 dignantur
582 2330 629 2412 et,
660 2350 733 2392 cum
754 2329 807 2393 uel
827 2329 943 2393 tacitas
966 2349 1079 2394 eorum

111 2435 149 2477 ac
170 2414 261 2478 uultu
288 2418 382 2478 tenus
405 2415 602 2498 significatas
628 2414 811 2477 uoluntates
836 2413 952 2476 summi
973 2413 1077 2496 patris

109 2499 259 2578 sequatur
271 2497 454 2576 auctoritas,
471 2498 690 2561 cuiusnutum
700 2497 943 2580 promissionem
959 2497 1013 2579 qui
1036 2518 1081 2580 pe

35 2612 38 2617 ·
109 2579 268 2643 firmantis
283 2580 381 2644 totius
399 2581 511 2643 mundi
526 2584 645 2643 tremor
660 2581 771 2661 sentit,
793 2581 854 2664 ipsi
869 2584 977 2644 tamen
1026 2583 1079 2645 tro

109 2662 303 2745 impetrandi
323 2665 515 2746 potestatem
537 2663 724 2727 cohortandi
746 2663 947 2729 humanitate
970 2665 1076 2729 conci·

178 2870 191 2916 1
211 2864 369 2933 priuilegio]
387 2867 490 2931 premio
508 2864 576 2930 0119
595 2869 731 2918 sexcentis
750 2865 898 2933 (sescentis
915 2866 948 2930 A)
966 2869 994 2917 H
1008 2865 1013 2932 1
1028 2882 1077 2918 nu-

108 2935 211 2984 minum
228 2937 245 2983 0
257 2936 291 2982 W
309 2934 429 2984 numium
441 2934 461 2982 B
474 2934 497 2981 V
508 2931 518 2998 ΙΙ
532 2935 563 2983 11
582 2934 723 2984 consulere
742 2938 850 2999 scripsi:
868 2935 1035 2985 constituere
1048 2938 1078 2983 Η

108 3000 281 3052 consuluisse
299 3015 324 3049 w
343 3006 468 3052 constare
485 3001 618 3052 Liuineius
637 3001 641 3066 Ι
665 3002 782 3053 Eumeni
799 3019 845 3056 em.
863 3003 896 3052 W
916 3000 927 3067 ss
948 3004 981 3052 14
998 3017 1078 3053 meus

108 3084 154 3119 om.
173 3067 206 3116 W
226 3066 236 3133 [l
261 3071 292 3119 16
311 3073 436 3118 ueterum
453 3075 512 3117 anie
530 3069 586 3133 ipsi
604 3069 684 3135 quod.
707 3071 800 3120 hubent
816 3071 835 3118 B
854 3072 871 3118 0
889 3071 920 3132 V,
939 3076 998 3120 ante
1017 3084 1077 3119 sco-

107 3133 196 3184 larum
213 3135 236 3183 A
248 3136 280 3185 W
291 3135 366 3184 Bert.
385 3133 395 3200 ΙΙ
412 3137 444 3184 21
464 3136 662 3187 constituerent
680 3136 713 3183 W
731 3141 902 3188 construeret
918 3138 941 3184 A
957 3134 967 3201 Ι]
988 3138 1021 3187 23
1039 3135 1076 3186 ad

108 3216 200 3253 omnes
213 3201 305 3266 Cusp..⁸
325 3218 341 3252 a
359 3201 475 3252 dominis
493 3202 520 3250 it
539 3205 586 3270 qui
603 3203 705 3254 domini
722 3217 747 3251 w
763 3202 773 3269 ΙΙ
791 3205 823 3253 24
842 3204 937 3254 ciendo
956 3204 1013 3254 suis
1032 3207 1075 3253 at·

108 3283 161 3332 que
178 3270 360 3333 permouendo
380 3269 504 3319 consiliis
521 3286 570 3335 per
588 3271 661 3336 quod
677 3271 773 3322 iubere
790 3285 815 3319 w
835 3268 845 3335 ΙΙ
865 3274 898 3320 26
916 3271 1077 3321 uultetenus

106 3336 134 3384 H
161 3333 172 3400 ΙΙ
200 3338 232 3387 27
251 3337 457 3402 promissionem
475 3337 575 3403 quippe
592 3339 644 3402 (uel
659 3336 767 3403 nempe)
785 3340 893 3401 scripsi:
915 3338 1075 3403 promissio-

107 3418 224 3468 nemque
240 3406 283 3468 113
302 3421 335 3455 aa
354 3419 404 3469 qne
421 3407 570 3455 delendum?
583 3403 593 3471 ΙΙ
609 3407 643 3456 ts
660 3402 803 3471 firmantis]
824 3406 984 3456 flammantis
1002 3406 1075 3456 biui-

106 3472 180 3523 aeius
192 3468 202 3535 ΙΙ
215 3473 248 3524 ie
259 3472 412 3538 imperandi
423 3474 458 3533 Η,
477 3476 584 3524 correct
597 3473 603 3538 Ι
619 3470 778 3538 conciliant]
798 3473 930 3523 condiunt
942 3474 1075 3523 Liuineius
