2294 3780
100 138 147 211 '66
428 150 451 200 1.
489 147 651 197 11111111
670 147 748 196 rau

107 298 189 362 dicio
212 319 320 362 eorum
342 298 397 380 qui
418 300 564 380 posteros
587 295 705 359 habere
728 295 852 360 nobiles
874 297 1082 358 mererentur·

107 404 200 466 quarn
224 403 332 446 eorum
355 381 410 464 qui
432 384 582 464 parentes
604 379 813 444 habuissent?
844 380 917 440 otc
940 379 1074 462 dignum

107 468 161 549 qui
190 466 229 529 de
257 465 497 548 magistratibus
531 465 650 528 nostris
680 485 804 547 semper
835 461 915 525 haec
944 463 1074 527 nunties

105 572 166 614 nec
193 550 305 633 poenis
334 549 491 612 malorum
524 547 579 612 sed
609 549 763 611 bonorum
792 547 942 630 praemiis
971 547 1074 610 bonos

80 634 223 697 sfacias!
269 651 404 697 accensa
435 637 483 696 est
510 633 659 696 iuuentus
690 631 852 714 erexitque
882 631 1006 694 animos
1035 631 1076 694 ad

108 717 330 780 aemulandum
363 718 446 800 quod
473 717 596 780 laudari
629 716 775 792 uidebat,
813 736 873 778 nec
900 713 963 777 fuit
990 714 1074 798 quis-

108 823 203 884 quam
226 823 319 884 quem
341 822 407 864 non
424 800 504 864 haec
527 801 680 884 cogitatio
704 800 825 863 subiret
847 797 931 886 [cum
953 799 1075 883 sciret],

107 885 256 969 quicquid
278 908 297 948 a
319 906 444 968 quoque
466 887 501 948 in
523 885 699 967 prouinciis
723 885 804 948 bene
826 884 931 966 fieret,
965 884 1076 946 omnia

94 973 138 1032 'te
162 970 250 1032 scire.
295 970 373 1032 utile
402 972 465 1050 est,
497 967 628 1050 Caesar,
657 972 689 1033 et
714 968 853 1031 salutare
875 967 1076 1050 praesidibus

70 1075 94 1112 10
107 1053 344 1137 prouinciarum
370 1053 456 1117 hanc
483 1051 601 1115 habere
628 1052 794 1131 fiduciam,
827 1054 977 1134 paratum
1005 1072 1075 1114 esse

107 1137 272 1201 sanctitati
295 1159 380 1219 suae,
402 1137 577 1200 industriae
600 1157 676 1200 suae
697 1137 871 1199 maximum
887 1136 1075 1218 praemium,

107 1222 258 1285 iudicium
273 1221 438 1305 principis
454 1221 637 1305 suffragium
655 1219 819 1303 principis.
847 1219 950 1282 adhuc
966 1222 1074 1282 autem

107 1307 282 1390 quamlibet
304 1305 429 1370 sincera
452 1308 600 1388 rectaque
622 1305 771 1388 ingenia,
799 1304 859 1367 etsi
881 1325 946 1366 non
969 1303 1074 1370 detorr

74 1400 86 1415 ’
109 1391 237 1472 quebat‚
261 1390 433 1454 hebetabat
454 1393 562 1453 tamen
585 1389 700 1469 misera
723 1389 777 1452 sed
800 1409 876 1450 uera
898 1387 1077 1470 reputatio:

70 1496 94 1534 15
110 1475 172 1538 ‘cui
187 1473 276 1536 rest?
297 1497 383 1555 num,
400 1474 517 1557 siquid
534 1472 745 1555 benefecero,
761 1473 841 1536 sciet
856 1471 995 1536 Cacsar?
1019 1476 1075 1535 aut

109 1559 134 1620 si
158 1557 280 1637 scierit,
308 1558 526 1620 testimonium
549 1557 694 1620 reddct‘i'
739 1558 787 1620 ita
809 1556 918 1619 cadem
940 1556 997 1618 illa
1018 1578 1075 1618 seu

108 1641 315 1725 neglegentia
348 1663 403 1705 seu
435 1641 620 1725 malignitas
650 1641 848 1724 principum,
887 1662 958 1704 cum
990 1641 1074 1704 male

107 1725 264 1789 consultis
285 1724 517 1808 impunitatem,
540 1728 626 1788 recte
641 1724 734 1788 factis
755 1724 879 1788 nullum
895 1725 1074 1808 praemium

107 1808 323 1891 polliceretur,
346 1829 407 1871 nec
428 1808 500 1871 illos
522 1830 541 1870 a
563 1809 696 1872 crimine
719 1808 830 1873 ethos
853 1809 1033 1873 deterrebat
1055 1833 1074 1874 a

70 1913 95 1950 1ο
110 1892 211 1955 laude.
258 1895 292 1954 at
313 1913 411 1974 nunc,
435 1893 461 1955 si
484 1893 565 1956 bene
588 1892 702 1975 aliquis
725 1893 923 1975 prouinciam
944 1894 1071 1976 rexerit,

108 1975 184 2038 huic
208 1976 351 2058 quaesita
377 1976 496 2039 uirtute
518 1975 658 2060 dignitas
686 1977 825 2058 offertur.
869 1980 959 2061 patet
987 1979 1073 2042 enim

108 2060 255 2124 omnibus
278 2059 406 2123 honoris
430 2063 463 2123 et
483 2059 605 2144 gloriae
628 2081 774 2144 campus:
798 2083 837 2124 cx
859 2061 918 2124 hoc
941 2063 1073 2146 quisque

108 2143 191 2228 quod
220 2144 308 2227 cupit
329 2148 420 2227 petat
449 2148 481 2208 ct
505 2147 667 2208 assecutus
695 2146 756 2208 sibi
780 2144 901 2208 debeat.
944 2148 1075 2228 prouin-

109 2230 166 2293 ciis
195 2249 320 2312 quoque
353 2229 388 2292 111
416 2233 576 2312 posterum
611 2232 643 2292 et
670 2228 859 2293 iniuriarum
891 2231 1012 2292 metum
1041 2235 1075 2293 et

70 2331 95 2371 25
109 2313 277 2377 accusandi
299 2315 522 2378 necessitatem
545 2313 705 2377 remisisti.
749 2336 822 2377 nam
846 2313 872 2376 si
894 2314 1075 2396 profuerint

108 2398 222 2480 quibus
245 2397 366 2481 gratias
389 2400 528 2481 egerint,
555 2398 593 2460 de
615 2397 705 2461 nullo
728 2398 817 2480 queri
841 2399 1035 2482 cogentur*
1056 2401 1074 2436 ‘¹‘

109 2484 141 2544 et
170 2482 311 2563 alioquin
338 2481 421 2545 nihil
449 2482 551 2564 magis
579 2482 729 2563 prodesse
759 2481 928 2545 candidato
958 2482 997 2546 ad
1027 2504 1072 2547 se-

109 2567 243 2646 quentes
265 2563 401 2627 honores
424 2585 520 2645 quam
540 2568 695 2646 peractos.
723 2567 843 2648 optime
865 2567 1074 2651 magistratus

108 2647 314 2731 magistratu,
346 2646 468 2710 honore
496 2647 602 2710 honor
631 2648 762 2731 petitur.
808 2650 881 2713 uolo
909 2671 985 2734 ego,
1019 2650 1074 2732 qui

68 2751 95 2790 so
109 2730 309 2814 prouinciam
329 2731 455 2814 rexerit,
478 2752 544 2794 non
566 2734 692 2795 tantum
715 2732 877 2797 codicillos
900 2736 1073 2798 amicorum

109 2891 312 2898 ———-—.

177 2991 190 3037 1
210 2994 364 3040 meruerunt
382 2992 399 3038 0
416 2987 426 3054 ΙΙ
449 2992 463 3040 7
483 3006 542 3040 cum
561 2990 642 3040 sciret
660 2994 759 3040 seclusi.
790 3007 850 3040 cum
869 2990 956 3040 scires
974 2991 1074 3040 Keilias

109 3051 122 3119 ll
142 3057 158 3104 9
179 3060 205 3104 te
225 3072 270 3106 om.
289 3059 306 3105 0
324 3055 334 3120 ΙΙ
353 3060 383 3107 10
401 3062 528 3122 paratum
545 3059 623 3106 BW:
642 3064 764 3122 paratam
783 3060 836 3107 GV
853 3056 863 3122 ΙΙ
882 3060 911 3107 11
931 3057 1074 3108 sanctitati

108 3137 173 3173 suae
190 3126 299 3184 scripsi:
325 3125 469 3175 sanctitati
486 3130 548 3175 tuae
565 3125 620 3173 BV
638 3127 784 3176 sanctitati
802 3128 819 3174 0
834 3126 867 3174 W
886 3126 1028 3175 sanctitati
1047 3132 1073 3174 11

109 3203 126 3253 ς
139 3192 197 3239 edd.
210 3189 220 3254 11
236 3194 265 3241 15
279 3193 322 3241 cui
335 3197 393 3242 rest
405 3208 467 3242 num
479 3195 587 3257 scripsi:
600 3193 675 3244 uides
688 3193 759 3242 enim
769 3195 796 3240 tt
807 3190 933 3242 uidelicet
947 3193 1074 3242 Gesnems

110 3256 174 3320 quid
192 3263 233 3307 est
251 3258 322 3307 enim
340 3259 440 3308 Keilius
451 3256 462 3323 ΙΙ
475 3262 507 3312 23
526 3260 601 3325 cupit
619 3262 649 3309 0:
669 3261 754 3324 cupiit
770 3261 790 3307 B
802 3261 825 3308 V
836 3261 869 3308 W
882 3257 892 3324 ΙΙ
904 3261 937 3308 26
959 3263 1074 3309 lacunam

108 3326 172 3386 sica.
183 3324 290 3374 Keiliss.
310 3326 386 3375 decet
399 3326 502 3393 alioqui
516 3328 664 3377 Ducbneras
676 3332 704 3378 et
715 3327 831 3392 liquebit
844 3327 914 3376 nihil
927 3328 1032 3390 Lipsius
1045 3333 1075 3376 et

109 3392 214 3456 alioqui
232 3392 318 3508 liquqt
336 3393 403 3442 nihil
424 3393 583 3446 Sclrwarzius
600 3393 610 3460 ΙΙ
631 3397 663 3446 28
682 3409 762 3461 quam
780 3399 903 3459 peractos
921 3421 955 3430 -
973 3396 1005 3444 29
1024 3393 1074 3443 ho—

108 3474 173 3509 nore
191 3476 237 3509 om.
1055 3480 1059 3489 ’
