2294 3780
315 127 475 179 unnnuo
494 128 529 178 n.
565 130 674 180 oi-os.
711 128 787 179 11.1.
994 128 1037 193 89

72 280 104 342 ei
124 279 291 360 pauentes,
312 275 406 341 bonis
421 276 504 342 inter
519 297 647 342 securos
666 277 906 362 gaudentesque
926 299 1036 343 nume·

71 382 138 446 ror;
160 360 189 425 si
210 358 346 444 denique
368 361 403 425 in
424 363 553 426 ionium
573 361 673 447 diligo
687 362 843 445 optimum
858 362 1035 447 prinoipem

70 446 104 510 in
137 448 293 530 quonium
327 445 451 509 inuisus
483 445 621 530 pessimo
656 444 714 511 fui.
751 467 810 532 ego
838 447 1036 511 reuerentiae

71 532 196 594 uesirue
217 529 265 594 sio
286 550 412 612 semper
439 530 626 613 inseruitum,
653 551 722 595 non
743 534 778 595 ui
799 552 851 596 me
874 530 1037 596 consulem

71 618 103 679 et
113 635 203 762 tegitis
231 613 448 698 consularem,
477 614 532 678 sed
559 618 594 678 ut
621 614 825 680 candidatum
854 615 1078 680 eonsudaiuss

70 720 112 782 pn
183 747 191 761 .

452 903 653 914 -ι--

261 1155 307 1229 Π.
349 1155 543 1230 onsuon
567 1157 845 1232 uuunnnnu

156 1339 198 1441 P
232 1339 281 1441 Α
314 1339 361 1442 N
395 1341 436 1442 Ε
473 1341 516 1444 G
550 1343 594 1441 Y
628 1342 673 1443 R
707 1343 731 1442 l
767 1342 802 1444 O
836 1343 880 1441 U
915 1340 948 1444 S

217 1554 475 1622 MAXIMIANO
498 1555 702 1624 AUGUSTO
725 1555 891 1623 DIOTUS.

129 1806 158 1871 l.
182 1806 264 1874 Cum
284 1808 431 1873 omnibus
453 1808 543 1875 festis
560 1811 681 1894 diebus,
705 1810 919 1875 secretissime
941 1809 1038 1894 impe·
1052 1829 1080 1868 io

72 1894 172 1975 rotor,
195 1890 311 1957 debeat
329 1892 431 1958 honos
450 1898 557 1960 uester
571 1895 690 1960 diuinis
704 1894 799 1960 rebus
815 1895 953 1979 aequori,
968 1897 1039 1959 tum

72 1976 243 2060 praecipue
260 1977 466 2042 celeberrimo
486 1979 549 2044 islo
570 1982 603 2044 ei
622 1979 855 2063 imperantibus
870 1979 961 2044 uobis
977 1978 1039 2043 lue·

72 2060 198 2124 tissimo
214 2060 265 2125 die
280 2062 446 2127 ueneratio
461 2063 602 2128 numinis
616 2064 665 2127 tui
681 2084 753 2128 eum
768 2062 914 2127 sollemni
929 2084 1039 2127 sacrae

72 2143 162 2208 urbis
184 2145 243 2210 reli
270 2145 340 2211 'one
361 2147 525 2244 iungenda
547 2151 605 2212 est.
638 2169 750 2212 uerum
777 2150 826 2211 est
853 2146 939 2211 enim
967 2167 1038 2230 pro-

72 2228 160 2293 festo
183 2250 244 2327 quo
290 2230 328 2299 de
351 2231 475 2316 origine
490 2231 576 2297 illius
598 2231 738 2296 oiuiiniis
760 2231 951 2313 accepimus,
997 2229 1081 2292 ri-1s

75 2334 162 2378 nium
194 2335 230 2378 111
257 2335 294 2378 es
326 2315 433 2380 sedem
465 2316 607 2381 numinis
640 2315 755 2398 uestri,
788 2317 933 2377 sunctum
963 2312 969 2324 '
996 2313 1039 2377 ud

74 2397 292 2462 uenerandum
316 2422 356 2465 ue
370 2399 537 2484 palatium,
552 2420 660 2497 regem
676 2397 832 2463 aduenam
848 2396 1037 2481 condidisse,

74 2480 130 2546 sed
157 2481 285 2547 heroem
335 2484 472 2567 ospitem
500 2484 713 2549 consuluisse.
746 2504 849 2567 neque
876 2481 963 2546 enim
990 2481 1038 2546 ia·

75 2564 151 2631 bula
174 2570 224 2632 esi
245 2567 283 2631 de
305 2568 437 2632 lieentia
464 2571 631 2651 poetarum
658 2589 719 2633 neo
746 2566 857 2652 opinio
886 2566 925 2631 de
953 2567 1040 2631 famo

73 2654 220 2714 ueterum
247 2652 458 2733 soeculorum,
487 2652 543 2717 sed
568 2652 741 2718 manifeste
766 2673 817 2716 res
840 2654 873 2715 et
894 2651 1039 2735 probato,
1052 2670 1082 2710 so

75 2734 159 2799 siout
179 2734 334 2820 hodieque
353 2739 491 2801 iestuiur
505 2735 653 2801 Herculis
675 2758 730 2801 era
751 2735 891 2800 maxims
911 2738 944 2799 ei
958 2734 1039 2799 Her-

76 2819 159 2883 oulei
181 2821 264 2885 seori
294 2824 400 2886 eustos
427 2820 550 2885 familia
572 2821 713 2906 Pinaria,
741 2821 920 2904 prinoipem
947 2818 1038 2884 illum

75 2903 123 2966 i-ui
144 2905 272 2988 generis
295 2927 333 2970 ao
355 2905 496 2969 nominis
522 2904 688 2970 Pallantea
713 2904 840 2968 moenia
866 2904 970 2967 adisse
991 2903 1038 2966 ui·

143 3112 207 3158 lut
231 3110 325 3160 nond
353 3107 364 3174 [l
393 3111 424 3159 11
449 3109 551 3159 debent
575 3109 647 3160 Bere.
708 3112 738 3160 14
757 3109 893 3175 religione
911 3109 955 3156 W:
973 3109 1039 3159 reli-

77 3176 153 3242 gioni
173 3177 259 3226 ΔΗ
276 3176 451 3243 religionisB
475 3174 486 3242 ΙΙ
511 3179 542 3226 16
561 3177 590 3226 in
609 3193 640 3228 eo
714 3175 724 3242 ΙΙ
750 3179 781 3228 18
799 3176 848 3226 sed
866 3177 975 3227 heroem
992 3176 1039 3225 ho-

76 3247 177 3310 spitem
189 3245 369 3326 sons-tiluisse
385 3246 493 3325 scripsi:
511 3243 560 3294 sed
572 3244 711 3295 herculem
723 3245 831 3309 hospite
850 3243 1042 3309 (hospitemw

74 3307 1040 3447 lsl·lssl¹?;lz⁸⁸sii⁰⁰sss‘¹l{ili0⁴illisumills:

74 3447 120 3498 die
137 3462 244 3512 quoqne
263 3448 322 3498 edd.
346 3445 357 3511 l
381 3445 414 3498 23
432 3447 525 3499 adisse
543 3448 566 3496 Δ
584 3460 621 3496 w:
641 3447 780 3498 addidisse
798 3447 818 3496 B
837 3448 854 3494 c
872 3446 894 3492 v
