2294 3780
106 168 169 232 144
431 171 463 219 v.
493 166 743 219 manserem.

106 339 217 384 cruore
238 317 367 382 foedata
389 319 422 381 et
444 316 478 379 in
500 315 643 380 diuersos
667 314 746 379 situs
762 317 877 397 tracta,
901 313 997 379 sicuti
1019 313 1075 378 do·

105 404 206 469 lorem
238 403 406 466 uulnerum
439 401 569 465 fuerant
603 408 726 482 secuta,
762 399 928 463 iacuerunt
979 402 1075 482 atque

106 488 191 552 inter
212 486 272 551 hoe
294 486 363 569 ipse
385 484 568 549 uexillarius
591 483 766 562 latrocinii,
791 483 880 580 cultu
900 448 958 581 ilio
979 503 1077 566 quem

106 573 200 636 uiuus
228 569 406 666 uiolauerat
433 573 547 666 sponte
570 568 715 652 deposito
743 570 967 666 eturxunms
988 567 1076 631 uela·

80 653 511 818 *eutrandus
533 651 1076 821 0201222202222

171 822 277 887 XVII.
317 821 508 904 Enimuero,
532 820 649 887 Caesar
669 821 806 903 inuiete,
828 821 920 884 tanto
942 818 1076 884 deorum

107 907 335 972 immortalium
356 907 414 971 tibi
439 910 488 970 est
510 906 637 970 addicta
661 925 819 970 consensu
841 902 985 969 omnium
1006 904 1076 988 qui·

108 991 180 1056 dem
195 1013 274 1075 quos
289 991 418 1055 adortus
432 991 532 1054 fueris
547 990 697 1069 hostium,
720 988 774 1054 sed
813 989 960 1072 raecipue
974 988 1077 1053 inter·

68 1076 200 1140 ronecio
228 1075 424 1140 Francorum
458 1079 495 1139 ut
520 1074 569 1138 illi
596 1095 721 1158 quoque
749 1011 868 1138 mittes
897 1072 995 1138 uestri
1020 1072 1077 1156 qui

108 1181 166 1244 per
188 1181 326 1224 errorem
349 1159 504 1242 nebulosi,
526 1162 563 1224 ut
583 1158 679 1243 paulo
703 1161 779 1222 ante
800 1158 877 1240 dixi,
901 1157 997 1220 maris
1021 1157 1077 1220 alr

108 1244 210 1308 iuncti
241 1245 280 1309 ad
309 1244 459 1328 oppidum
487 1243 701 1308 Londiniense
728 1244 957 1326 peruenerant,
988 1243 1077 1324 quio-

108 1329 184 1413 quid
217 1351 257 1394 ex
288 1328 508 1393 mercennaria
540 1328 596 1392 illa
614 1327 835 1425 ‘multitudine
868 1325 1077 1390 barbarorum

71 1414 236 1579 ,ez‘gsst‘z
253 1413 468 1582 duellii?
488 1410 1078 1592 rtelffsstldtttltllffd

108 1601 177 1644 non
205 1581 309 1644 solum
331 1581 579 1664 prouincialibus
606 1580 721 1643 uestris
747 1601 783 1642 m
811 1578 906 1643 caede
932 1578 1077 1642 hostium

109 1664 254 1729 dederint
269 1664 415 1747 salutem,
437 1665 491 1728 sed
508 1665 604 1728 etiam
619 1664 653 1727 in
671 1663 851 1747 spectaculo
865 1663 942 1726 uolu
964 1665 1076 1727 tatem.

109 1769 128 1811 o
142 1749 279 1844 uictoria
293 1747 465 1844 multiiuga
479 1750 518 1844 'et
531 1748 811 1812 innumerabilium
827 1685 1076 1831 triumpirorum,

109 1851 172 1928 qua
195 1831 380 1929 Britanmae
410 1834 592 1930 restrtutae,
623 1853 685 1914 qua
707 1831 902 1928 Francorum
930 1851 1000 1929 opes
1021 1852 1077 1915 pe-

68 1935 96 1976 20
109 1917 197 1978 nrtus
220 1936 353 1996 exorsae,
377 1938 439 1999 qua
459 1916 568 1980 multra
589 1918 754 1999 praeterea
772 1916 923 2014 gentrbus
945 1937 980 1979 1n
1002 1937 1077 1980 con-

52 2073 56 2079 ·
108 1999 267 2064 iuratione
291 2000 377 2063 illius
401 1999 528 2064 sceleris
550 2000 756 2084 deprehensis
778 2002 930 2084 1mposita
951 2003 1000 2065 est
1020 2022 1078 2064 ne-

109 2084 240 2148 cessitas
277 2084 488 2168 obsequendi,
533 2085 668 2168 denique
704 2105 769 2166 quo
811 2084 851 2147 ad
887 2087 1078 2168 perpetuam

109 2169 248 2318 guietem
289 2171 391 2234 maria
405 2173 564 2318 aBurgata
600 2171 689 2233 sunt!
740 2168 880 2252 gloriare
916 2171 952 2232 tu
988 2189 1077 2252 uero,

136 2275 227 2318 aesar
249 2254 383 2338 inuicte,
448 2277 502 2318 um
523 2258 556 2319 te
578 2254 687 2318 orbem
708 2256 864 2317 terrarum
887 2253 1077 2337 repperisse,

67 2356 96 2397 es
109 2339 164 2421 qui
178 2338 343 2404 Romanae
364 2340 526 2423 potentiae
547 2339 685 2424 gloriam
707 2337 903 2401 restituendo
925 2337 1077 2402 naualem

109 2422 258 2486 addidisti
285 2424 419 2506 imperio
440 2424 535 2488 terris
563 2423 711 2486 omnibus
740 2422 841 2485 maius
869 2420 1075 2487 elementum.

109 2506 277 2569 confecisti
283 2554 292 2587 ,
326 2509 473 2588 inquam,
508 2507 642 2586 bellum,
677 2505 794 2570 Caesar
824 2505 960 2589 inuicte,
992 2506 1077 2590 quod

109 2589 233 2651 cunctis
261 2590 445 2672 impendere
467 2589 641 2673 prouinciis
668 2589 838 2653 uidebatur
858 2592 988 2674 tamque
1010 2591 1077 2655 late

178 2880 190 2926 1
211 2876 313 2941 sydata
331 2879 354 2925 A
374 2874 378 2942 1
398 2880 492 2927 tracta
508 2876 598 2927 Bere:
617 2879 706 2928 strata
723 2880 746 2926 A
763 2880 796 2927 W
814 2883 920 2929 structa
936 2880 957 2928 B
976 2881 994 2928 0
1011 2881 1034 2928 V
1062 2876 1075 2943 11

108 2946 125 2994 4
143 2945 290 2994 uelaminis
308 2961 354 2996 om.
372 2943 457 3007 Bera,
474 2947 540 2997 unde
558 2947 735 3009 rescripserim
751 2946 799 2995 uix
816 2946 911 2997 uultus
929 2963 986 3012 rep.
1005 2945 1076 2997 indi·

110 3013 167 3071 cio;
186 3013 318 3062 Liuineius
335 3011 379 3062 uel
399 3012 515 3063 alterius
533 3015 598 3063 coni.
612 3009 650 3078 116
670 3010 708 3077 et]
728 3017 759 3065 ut
775 3015 798 3061 A
815 3027 840 3062 w
855 3012 859 3079 1
875 3014 948 3064 nolle
966 3017 1077 3078 scripsi:

109 3077 196 3128 nollet
213 3080 240 3127 u
258 3076 268 3143 1
289 3081 305 3130 8
323 3079 418 3128 addita
436 3083 454 3128 0
470 3077 474 3145 Ι
490 3096 627 3131 consensu
643 3082 666 3128 A
678 3083 722 3130 W:
743 3081 890 3131 consensui
908 3082 994 3131 BGV
1012 3097 1077 3132 con-

109 3160 192 3195 sensu
210 3147 330 3196 uictoria
353 3148 412 3199 edd.
443 3144 453 3211 1
482 3151 498 3197 9
519 3149 687 3199 internectio
705 3149 751 3196 W:
774 3149 939 3199 internectio
957 3149 1076 3198 Ancv

109 3213 185 3263 Bert.
204 3209 214 3276 11
233 3215 263 3262 12
282 3213 468 3265 Londiniense
486 3216 508 3264 A
525 3215 546 3263 B
565 3217 598 3263 V:
618 3215 786 3267 londonense
806 3215 878 3268 Bert.
897 3216 1076 3267 londoniense

109 3281 143 3328 W
159 3279 358 3330 landunensem
377 3283 394 3329 0
418 3278 428 3345 11
453 3282 485 3331 15
508 3283 679 3333 confecerint
698 3296 734 3332 w:
762 3283 942 3333 confecerunt
957 3284 986 3331 nt
1009 3280 1019 3348 11
1045 3285 1076 3334 16

110 3346 198 3398 solum
216 3347 238 3395 A
250 3349 270 3397 B
282 3348 305 3395 V
316 3347 405 3398 Bert:
424 3349 512 3399 solam
530 3350 546 3398 0
564 3351 597 3398 W
614 3346 624 3413 11
647 3352 678 3401 17
697 3349 822 3400 dederint
840 3363 878 3398 w:
897 3350 1032 3401 dederunt
1049 3351 1076 3398 1

120 3414 123 3480 1
145 3417 176 3466 19
195 3430 260 3480 opes
278 3417 382 3466 addidi:
400 3431 447 3468 om.
465 3418 492 3466 11
508 3417 582 3467 uires
600 3419 661 3472 add.
681 3431 706 3465 w
718 3414 728 3482 ΙΙ
740 3419 773 3468 22
791 3432 845 3482 qua
864 3420 968 3469 addidi:
986 3434 1034 3470 om.
1049 3418 1076 3465 Ι

120 3488 122 3547 1
143 3485 177 3534 23
194 3498 257 3535 uero
276 3486 306 3533 tu
323 3484 346 3530 A
363 3483 440 3549 Guep.
459 3481 469 3550 1
490 3487 524 3536 24
541 3485 675 3550 reperisse
694 3489 828 3536 terrarum
846 3498 871 3533 w
