2294 3780
124 161 188 226 206
312 190 316 197 -
447 162 495 213 rx.
524 159 674 211 moneri
691 160 772 212 Plu.

125 313 258 395 exclusi,
292 311 433 396 exceptis
460 310 621 374 latrocinii
648 308 734 372 illius
763 308 875 392 primis
908 309 1092 374 auctoribus

124 398 179 481 qui
201 398 368 481 desperata
389 395 484 460 uenia
502 395 608 458 locum
630 414 724 476 quem
738 415 865 478 pugnae
888 398 1093 477 sumpserant

124 487 231 546 texere
260 480 462 564 corporibus,
496 478 593 543 ceteri
621 498 732 541 omnes
761 479 796 541 in
823 477 956 542 fluuium
985 477 1093 542 abiere

123 567 330 650 praecipites,
363 568 399 627 ut
421 563 551 626 tandem
580 561 708 645 aliquod
736 561 840 626 caedis
869 562 1094 646 compendium

98 651 217 714 sfessis
240 654 368 713 tuorum
391 648 528 712 dexteris
551 647 703 710 eueniret.
735 667 807 710 cum
829 647 944 730 impios
967 647 1092 711 Tiberis

123 735 292 815 hausisset,
316 734 420 815 ipsum
443 733 539 796 etiam
561 731 652 794 illum
675 751 747 794 cum
771 753 850 815 equo
872 735 904 795 et
926 732 1021 795 armis
1044 732 1092 794 in·

124 818 271 967 {baill
285 815 1092 965 1111111111ῑῖ11111511111111

123 1009 164 1050 ne
185 990 252 1050 tam
274 986 414 1049 deforme
436 985 618 1070 prodigium
638 922 698 1047 Iirel
720 921 805 1049 heire
818 922 936 1047 gobitus
964 985 1014 1048 sui
1042 949 1092 1048 re3

87 1072 284 1154 relinqueret
315 1070 435 1133 famam
472 1070 557 1154 quod
590 1069 724 1132 alicuius
761 1069 822 1131 uiri
853 1068 947 1133 fortis
982 1069 1091 1154 gladio

124 1156 230 1219 teloue
258 1154 432 1219 cecidisset.
479 1157 512 1218 et
539 1153 672 1217 aliorum
700 1152 826 1234 quidem
855 1153 996 1217 hostium
1024 1173 1092 1217 cor-

123 1262 204 1324 pora
220 1244 252 1304 et
267 1262 355 1303 arma
369 1260 522 1326 praeceps
537 1237 652 1301 fluuius
667 1236 825 1302 uoluendo
841 1238 978 1320 deuexit,
1000 1237 1092 1300 illum

124 1327 230 1388 autem
253 1326 364 1390 eodem
386 1345 448 1408 quo
471 1324 652 1387 extinxerat
673 1322 743 1385 loco
757 1323 871 1404 tenuit,
895 1343 936 1384 ne
960 1322 1014 1384 diu
1033 1343 1090 1405 po·

123 1410 217 1492 pulus
239 1409 403 1472 Romanus
432 1408 608 1489 dubitaret,
638 1405 665 1468 si
692 1408 858 1488 putaretur
887 1405 993 1489 aliquo
1019 1427 1093 1488 pro-

86 1511 111 1552 15
123 1493 246 1577 fugisse
270 1496 360 1557 cuius
381 1493 493 1557 mortis
515 1490 661 1574 probatio
683 1493 897 1573 quaereretur.

188 1576 309 1641 XVIII.
355 1576 471 1641 Sancte
493 1575 628 1659 Thybri,
651 1574 811 1658 quondam
831 1573 967 1657 hospItis
989 1575 1093 1638 moni·

124 1672 176 1724 tor
204 1663 347 1742 Aeneae,
382 1683 455 1724 mox
481 1659 612 1723 Romuli
641 1663 846 1722 conseruator
873 1659 1025 1742 expositi,
1056 1662 1094 1722 tu

123 1766 183 1808 nec
197 1745 314 1808 falsum
328 1744 500 1808 Romulum
520 1744 573 1808 diu
591 1743 699 1806 uiuere
721 1764 781 1807 nec
795 1743 988 1826 parricidam
1004 1743 1092 1807 urbis

124 1850 236 1910 passus
259 1850 292 1890 es
316 1831 454 1891 enatare.
492 1832 529 1892 tu
550 1827 673 1891 Romae
695 1830 769 1891 tuae
792 1828 874 1892 altor
896 1828 995 1910 copiis
1019 1828 1093 1891 sub·

86 1935 112 1973 ro
125 1911 294 1993 uehendis,
323 1915 359 1975 tu
386 1913 530 1975 munitor
555 1912 721 1975 moenibus
750 1912 942 1994 ambiendis,
975 1913 1092 1977 merito

125 1994 332 2061 Constantini
353 1996 505 2060 uictoriae
525 1995 686 2079 particeps
715 2018 784 2060 esse
806 1997 951 2079 uoluisti,
979 1999 1016 2059 ut
1036 1996 1093 2060 ille

123 2080 248 2145 hostem
276 2081 311 2144 in
335 2084 367 2144 te
389 2081 596 2164 propelleret,
623 2085 659 2144 tu
687 2102 828 2145 necares.
873 2102 977 2163 neque
1005 2081 1094 2144 enirn

124 2187 249 2248 semper
282 2187 315 2229 es
345 2166 474 2250 rapidus
507 2168 539 2229 et
566 2169 706 2244 torrens,
742 2165 796 2230 sed
825 2187 883 2248 pro
911 2167 1094 2248 temporum

123 2251 246 2314 ratione
278 2251 471 2315 moderatus.
517 2255 552 2314 tu
585 2251 710 2333 quietus
747 2253 903 2313 armatum
937 2248 1093 2315 OocIItem

86 2335 289 2418 asreuexisti,
312 2334 372 2399 tibi
395 2357 429 2399 se
450 2335 575 2418 placido
600 2333 720 2400 Cloelia
741 2335 835 2418 uirgo
859 2333 1035 2397 commisit:
1057 2343 1093 2398 at

123 2442 210 2483 nunc
232 2419 392 2484 uiolentus
418 2423 451 2484 et
471 2419 618 2483 turbidus
641 2419 768 2482 hostem
789 2418 1003 2501 reipublicae
1026 2439 1092 2482 sor·

125 2503 222 2566 buisti
244 2507 290 2587 et,
319 2526 360 2568 ne
382 2508 473 2568 tuum
500 2504 616 2566 lateret
638 2503 840 2585 obsequium,
870 2505 1014 2566 eructato
1041 2524 1092 2567 ca-

124 2587 240 2650 dauere
254 2588 434 2671 prodidisti.
464 2590 590 2670 reperto
610 2587 710 2670 igitur
732 2590 764 2650 et
778 2587 935 2651 trucidato
959 2608 1093 2670 corpore

123 2671 290 2735 uniuersus
316 2672 351 2735 in
373 2671 490 2756 gaudia
518 2674 550 2734 et
570 2670 748 2734 uindictam
769 2670 905 2754 populus
927 2669 1093 2736 Romanus

86 2776 111 2816 so
124 2756 256 2835 exarsit,
287 2777 347 2821 nec
370 2756 507 2821 desitum
528 2758 598 2819 tota
618 2756 712 2838 urbe,
741 2776 805 2838 qua
826 2754 977 2819 suffixum
998 2755 1093 2820 hasta

122 2839 293 2923 ferebatur,
318 2844 415 2926 caput
429 2840 508 2905 illud
523 2839 684 2924 piaculare
699 2839 833 2922 foedari,
857 2861 928 2904 cum
949 2840 1092 2922 interim,

122 2928 159 2988 ut
181 2929 256 2990 sunt
276 2926 340 2991 ioci
360 2925 580 3008 triumphales,
604 2925 761 2988 rideretur
782 2925 940 3009 gestantis
963 2924 1090 3004 iniuria,

124 3030 195 3072 cum
217 3011 313 3075 alieni
336 3011 450 3094 capitis
473 3010 588 3073 merita
608 3011 780 3092 pateretur.

123 3148 324 3158 -υ--ω--ᾳ-..η-

191 3214 310 3280 belena]
332 3217 431 3265 texens
449 3216 481 3264 W
511 3213 520 3280 ΙΙ
549 3215 680 3265 8tiberis
697 3215 717 3262 Β
736 3216 753 3262 (1
772 3214 793 3260 V
809 3228 848 3263 w:
867 3214 1008 3264 liberioris
1027 3214 1051 3262 A
1077 3211 1090 3277 ἱΙ

123 3283 139 3333 9
162 3282 263 3332 oblitus
285 3285 305 3332 B
324 3284 382 3332 GV
412 3281 422 3348 ΙΙ
453 3285 483 3332 16
510 3282 614 3346 Thybri
636 3284 671 3330 A:
702 3281 788 3346 Tybri
812 3281 886 3332 Bert.
914 3281 1037 3342 'Phyberi
1058 3283 1093 3329 W

123 3349 225 3415 Tybris
244 3352 263 3399 B
284 3352 377 3402 Tibris
396 3351 452 3399 GV
481 3348 491 3414 [Ι
521 3352 553 3399 22
575 3365 688 3400 necares
704 3363 741 3398 w:
766 3363 880 3414 negares
897 3350 925 3397 Β
954 3347 965 3414 ΙΙ
994 3351 1028 3400 26
1050 3344 1090 3415 et]

124 3433 157 3467 ac
179 3421 212 3467 W
246 3416 255 3482 ΙΙ
289 3423 322 3471 30
347 3417 440 3469 desilii
463 3419 606 3468 Paeonas.-
636 3419 709 3468 desit
732 3433 748 3466 a
769 3417 792 3465 A
815 3417 909 3469 desios.
926 3418 947 3465 Β
966 3416 1024 3464 GV
1047 3417 1093 3466 de·

123 3487 169 3536 siit
188 3502 204 3535 a
223 3499 247 3533 w
