2294 3780
110 188 172 253 254
452 190 499 238 xi.
530 187 739 239 urnnarrur

110 340 200 403 seriis
223 338 468 422 imperatoribus
488 338 603 422 gratia,
628 337 846 401 communibus
870 336 1011 401 defuerit
1031 337 1079 401 in-

111 423 241 487 dustria.
270 445 374 505 neque
390 422 557 505 quisquam
580 421 641 484 sibi
662 422 815 486 molestus
838 422 884 484 ita
899 442 933 485 se
947 421 1079 486 facilem

111 508 224 572 ceteris
252 506 401 590 praebuit
431 509 467 568 ut
494 527 561 570 non
593 505 632 569 ad
659 528 752 569 suum
785 506 966 589 exemplum
998 506 1082 571 alios

111 593 303 656 coherceret.
334 594 443 653 noster
464 591 638 674 imperator
659 590 742 654 nihil
764 591 826 654 sibi
848 591 974 672 ueniae,
995 590 1080 654 nihil

84 675 225 740 secteris
252 674 418 738 molestiae
446 695 482 738 ac
504 675 622 738 laboris
644 674 831 757 impartiens
860 696 918 738 suo
946 675 1079 759 negotio

111 760 257 823 omnibus
273 759 372 822 otium
388 762 539 855 praestat,
561 759 746 822 diuitiarum
764 759 906 843 largitor,
930 779 1081 823 curarum

111 865 241 926 auarus,
277 843 526 907 laboriosissima
553 844 756 926 negotiorum
783 845 980 927 praeoptans
1008 844 1081 926 ipse

110 948 206 1010 agere
228 948 322 1009 quam
346 927 416 990 aliis
439 927 604 1011 imperare.

174 1010 264 1075 XIII.
312 1011 408 1074 Multi
434 1014 507 1095 post
535 1014 663 1074 exactos
690 1032 782 1095 reges
810 1011 981 1094 imperium
1007 1011 1079 1074 uni·

72 1114 97 1152 10
111 1117 221 1159 uersae
243 1096 435 1179 reipublicae
462 1095 639 1159 solitarium
663 1097 860 1178 cupiuerunt.
903 1098 982 1159 nota
1003 1097 1081 1158 sunt

110 1180 351 1244 recordantibus
375 1181 508 1244 nomina
524 1201 632 1243 eorum
654 1179 802 1243 uidelicet
817 1181 872 1263 qui
889 1179 923 1243 in
938 1180 1080 1262 patriam

108 1264 252 1328 furentes
275 1265 416 1328 affectati
435 1265 529 1349 regni
548 1263 704 1347 supplicia
724 1265 956 1347 pependerunt.
984 1264 1080 1328 mitto

111 1353 234 1412 ueteres
257 1350 311 1432 qui
333 1370 409 1413 saxo
430 1370 582 1432 praeceps
606 1349 688 1431 dati,
711 1369 844 1430 quorum
865 1348 953 1411 bona
973 1348 1080 1432 publi·

112 1436 194 1513 cata,
219 1432 329 1496 domus
351 1437 469 1515 erutae,
491 1433 664 1496 interdicta
681 1433 817 1515 posteris
839 1433 988 1496 nomina:
1010 1454 1078 1496 non

71 1536 96 1576 15
110 1537 229 1599 paucos
244 1516 426 1582 huiusmodi
446 1518 554 1580 furore
570 1516 719 1581 uecordes
742 1518 838 1581 etiam
860 1521 972 1581 nostra
989 1519 1079 1581 aetas

109 1601 198 1684 tulit,
229 1602 283 1684 qui
309 1605 441 1686 propter
469 1623 595 1666 caecam
622 1601 804 1683 imperandi
833 1602 1016 1684 cupidinem
1043 1602 1078 1664 in

110 1685 229 1748 ferrum
251 1691 394 1750 ruerunt.
424 1687 451 1749 si
470 1686 529 1748 hos
546 1686 622 1748 deus
644 1685 806 1769 paulisper
827 1687 912 1749 uitae
935 1685 1079 1749 redditos

110 1769 308 1850 alloquatur:
354 1770 462 1846 ‘heus,
497 1771 586 1833 uerbi
618 1770 736 1852 gratia,
766 1768 948 1852 Nepotiane
981 1772 1077 1853 atque

111 1850 257 1934 Siluano,
289 1873 345 1935 per
372 1853 507 1916 infestos
530 1853 653 1936 gladios
680 1857 927 1937 praesentesque
955 1859 1077 1917 mortes

71 1955 96 1993 ao
109 1935 277 2017 imperium
304 1935 473 2017 petiuistis.
519 1940 552 1999 at
578 1958 665 2000 nunc
693 1938 777 2002 ultro
811 1939 903 2001 uobis
933 1941 1077 2021 potestas

109 2019 265 2103 regnandi
288 2019 380 2083 datur
400 2023 436 2084 ut
459 2042 496 2084 ea
519 2043 580 2104 qua
593 2020 737 2085 Iulianus
760 2022 941 2086 condidone
963 2043 1076 2106 regne·

108 2104 165 2182 tis,
196 2107 232 2167 ut
254 2126 312 2187 pro
339 2105 480 2169 omniurn
509 2108 576 2170 otio
598 2107 648 2169 die
677 2110 835 2189 noctuque
862 2107 1009 2190 uigiletis
1034 2110 1076 2187 ct,

109 2209 181 2251 cum
196 2189 318 2253 domini
332 2191 501 2272 uocemini,
525 2191 665 2253 libertati
689 2190 806 2253 ciuium
828 2191 985 2273 seruistis,
1010 2213 1075 2255 sae·

108 2273 178 2355 pius
202 2275 358 2357 proelium
380 2296 476 2357 quam
499 2275 668 2357 prandium
692 2275 881 2357 capessatis,
905 2275 988 2338 nihil
1011 2277 1076 2339 cui-

70 2376 95 2414 ae
108 2378 203 2440 quarn
230 2358 382 2423 auferatis
413 2363 445 2423 et
473 2359 556 2422 ultro
586 2359 733 2422 omnibus
761 2360 959 2444 largiamini,
993 2359 1075 2422 nulli

109 2441 348 2523 gratificemini,
383 2444 418 2505 in
447 2443 610 2506 neminem
639 2444 803 2524 saeuiatis,
840 2447 907 2508 toto
936 2444 971 2506 in
998 2445 1076 2508 orbe

107 2529 265 2589 terrarum
286 2526 404 2589 nullius
427 2527 562 2609 uirginis
584 2527 671 2590 fama
691 2528 841 2610 molatur,
873 2528 916 2591 sit
936 2528 1076 2592 lectulus

108 2607 206 2670 etiam
228 2610 295 2672 sine
319 2612 477 2673 concessis
500 2613 532 2672 et
554 2610 706 2694 legitimis
727 2613 946 2697 uoluptatibus
961 2610 1075 2676 Uesta-

107 2691 186 2754 lium
213 2694 290 2755 toris
318 2694 440 2775 purior,
470 2696 591 2757 aestate
619 2694 868 2760 Alamannieum
896 2697 1073 2779 puluerem,

69 2795 93 2834 co
106 2774 211 2839 hieme
235 2777 382 2859 pruinam
404 2776 558 2840 Thraciae
585 2778 714 2843 intectis
740 2781 912 2844 uerticibus
934 2780 1075 2863 perfora

106 2861 178 2924 tis':
201 2862 344 2945 profecto
365 2863 535 2926 uerborum
558 2861 700 2944 ipsorum
722 2865 900 2929 molestiam
918 2865 1076 2929 delicatae

107 2966 198 3008 aures
224 2967 291 3009 non
312 2951 465 3030 poterunt
488 2945 643 3010 sustinere
672 2953 700 3013 et
720 2950 821 3013 tantis
848 2949 988 3034 negotiis
1010 2953 1074 3013 ter·

107 3083 310 3092 ...-....-.—-..

175 3168 187 3214 1
209 3164 407 3234 communibus]
426 3169 548 3218 comibus
564 3171 587 3217 A
607 3169 679 3220 Bert.
700 3167 710 3234 ΙΙ
733 3173 764 3220 10
783 3172 926 3236 cupierunt
943 3172 963 3219 B
976 3173 994 3219 0
1006 3172 1030 3219 V
1042 3172 1075 3220 W

109 3229 121 3296 ll
150 3236 179 3282 11
202 3234 232 3282 in
250 3236 368 3298 patriam
385 3237 492 3298 scripsi:
520 3237 549 3284 in
567 3238 678 3301 propria
696 3240 724 3285 11
740 3237 815 3288 Bert.
837 3238 960 3303 improbe
979 3239 1074 3288 Mare-

105 3302 376 3366 condensantur).
396 3306 428 3352 17
448 3300 458 3367 ss
481 3305 513 3352 13
532 3305 698 3368 praecipites
716 3307 774 3354 edd.
798 3302 807 3369 ΙΙ
833 3307 864 3354 14
883 3310 978 3369 erupto
996 3307 1031 3353 W
1059 3303 1071 3371 Η

107 3369 139 3418 15
156 3374 183 3418 et
200 3370 294 3418 iamA
318 3367 328 3434 ΙΙ
352 3373 385 3421 20
403 3371 482 3420 nobis
501 3371 558 3418 GV
583 3368 593 3435 ΙΙ
622 3373 654 3421 ‘28
674 3379 702 3422 et
722 3374 864 3423 Puteanus:
887 3374 936 3423 sed
952 3373 980 3420 Π
1003 3370 1015 3438 Ι]
1040 3375 1073 3425 29

105 3436 289 3552 {lamanicum
307 3437 327 3484 B
346 3440 363 3486 c
383 3439 404 3485 V
422 3452 459 3486 w:
484 3437 645 3488 almanicum
661 3440 684 3486 A
708 3437 718 3504 ΙΙ
746 3442 780 3490 30
797 3441 894 3505 pruina
911 3439 935 3488 A
957 3438 968 3505 11
992 3442 1026 3492 32
1045 3446 1074 3491 et

131 3506 251 3554 iuineius:
269 3521 315 3557 om.
333 3507 361 3554 Al
