2294 3780
273 137 457 189 GENETHL.
475 137 684 189 llAXIllIANI.
703 141 811 189 10-12.
966 139 1025 205 Ill

57 285 155 351 randi
177 306 267 350 mora
287 286 473 351 restiterunt
492 286 652 369 duplicato
674 288 803 370 pietatis
825 288 930 352 officio
954 311 1026 354 oon-

57 374 214 435 tumaces.
259 373 355 454 atque
376 370 458 435 haec
479 371 607 454 quidem
635 371 724 436 uelut
745 372 949 437 interioribus
977 395 1025 437 sa-

58 455 171 520 crariis
193 458 323 538 operata
341 455 505 520 ueneratio
528 476 636 520 eorum
658 455 753 520 modo
775 457 897 520 animos
920 457 1026 521 obstu-

57 539 222 625 pefecerat
243 539 359 623 quibus
380 539 500 603 aditum
524 540 622 603 uestri
638 540 758 605 dabant
778 543 906 606 ordines
922 542 1026 626 digni·

56 624 146 688 tatis.
191 627 227 687 ut
261 644 337 688 uero
369 624 480 688 limine
514 625 634 709 egressi
664 647 721 709 per
747 627 887 690 mediam
914 627 1052 693 urbemi

58 707 154 773 simul
181 707 401 791 uehebamini,
435 711 522 773 tecta
549 711 620 792 ipsa
645 730 695 793 se,
727 714 762 773 ut
786 711 895 793 audio,
924 732 1026 795 paene

59 796 318 876 commouerunt,
354 793 501 858 omnibus
529 793 607 857 uiris
634 794 778 877 feminis,
807 795 949 879 paruulis
978 817 1025 858 se·

57 876 155 941 nibus
182 881 238 941 aut
263 898 321 960 per
348 878 433 942 fores
464 877 498 941 in
526 878 690 975 publicum
718 880 943 962 proruentibus
971 884 1027 943 aut

56 983 117 1045 per
138 962 303 1045 superiora
324 962 450 1027 aedium
472 962 585 1026 limma
606 962 858 1028 imminentibus.
887 965 1025 1028 clamare

57 1047 178 1110 omnis
192 1067 270 1129 prae
292 1046 425 1130 gaudio,
453 1047 519 1109 ianr
542 1047 610 1111 sine
632 1050 719 1111 metu
741 1051 838 1112 uestri
865 1053 898 1112 et
919 1049 1025 1130 palam
1039 1075 1065 1115 ro

56 1152 157 1196 manu
165 1129 398 1195 demonstrare:
415 1132 516 1195 ‘uides
526 1130 783 1195 Diocletianum?
795 1132 1025 1197 Maximianum

56 1214 173 1279 uides?
193 1216 283 1281 uides
305 1214 441 1279 ambos?
463 1220 499 1278 ut
519 1216 641 1298 pariter
662 1218 752 1280 sunt!
776 1237 871 1299 quam
892 1216 1026 1280 iunctim

56 1299 187 1365 sedent!
224 1321 320 1383 quam
342 1299 543 1364 concorditer
565 1300 806 1383 colloquuntur!
843 1321 939 1383 quam
962 1301 1025 1364 cito

55 1386 255 1449 transeuntl'
301 1406 395 1449 nemo
418 1383 524 1448 studio
547 1405 603 1447 suo
625 1405 684 1467 par
704 1384 768 1447 fuit
788 1383 889 1447 oculis
915 1383 956 1447 ad
976 1385 1024 1446 in-

55 1469 228 1553 tuendum;
260 1468 398 1552 dumque
425 1489 484 1532 uos
507 1468 632 1532 alterna
660 1468 833 1552 cupiditate
857 1469 1024 1551 mirantur,
1039 1494 1064 1534 15

55 1556 209 1618 neutrum
230 1553 309 1617 satis
331 1554 439 1617 uidere
460 1556 643 1636 potuerunt.

121 1636 196 1701 ΧΠ.
249 1637 325 1721 lpsa
361 1639 459 1701 etiarn
491 1638 637 1721 gentium
671 1637 800 1702 domino
832 1636 936 1702 Roma
968 1638 1025 1699 irn-

55 1721 185 1787 modico
210 1721 461 1819 propinquitatis
489 1726 614 1786 uestrae
642 1721 726 1786 elato
758 1722 877 1807 gaudio
904 1743 1024 1805 uosque

58 1828 75 1870 e
98 1805 239 1890 speculis
267 1827 397 1871 suorum
419 1807 576 1869 montium
598 1807 779 1890 prospicere
802 1810 932 1889 conata,
963 1828 1025 1890 quo

56 1912 92 1955 sc
120 1890 262 1954 uultibus
289 1891 407 1956 uestris
429 1891 558 1974 propius
586 1891 743 1974 expleret,
773 1892 814 1956 ad
835 1891 1025 1956 intuendum
1038 1917 1063 1958 so

57 1974 203 2039 cominus
228 1980 382 2058 quantum
427 1976 509 2047 otuit
530 1977 673 2043 accessit.
718 1977 840 2040 lumina
868 1976 1025 2059 siquidem

57 2063 188 2125 senatus
215 2059 263 2123 sui
291 2059 381 2123 misit
402 1998 607 2124 beatissimae
635 2059 680 2123 illi
709 2082 766 2143 per
793 2081 845 2123 eos
868 2060 935 2123 dies
958 2058 1025 2123 Me·

57 2143 291 2208 diolanensium
319 2144 443 2208 ciuitati
472 2144 714 2208 similitudinem
742 2144 920 2208 maiestatis
949 2163 1024 2205 suae

57 2228 197 2293 libenter
223 2229 426 2311 impartiens,
455 2232 491 2292 ut
512 2229 557 2292 ibi
584 2233 662 2292 tunc
690 2249 758 2291 esse
786 2226 875 2291 sedes
898 2226 1025 2308 imperii

56 2312 220 2377 uideretur
252 2334 315 2396 quo
342 2316 474 2395 uterque
507 2315 640 2376 uenerat
666 2312 849 2394 imperator.
894 2310 1024 2372 interim
1037 2332 1063 2373 aa

55 2401 177 2479 tamen,
200 2396 275 2461 dum
298 2395 377 2461 milri
399 2401 474 2461 ante
497 2398 604 2460 oculos
625 2415 713 2479 pono
735 2394 896 2458 cotidiana
916 2396 1024 2457 uestra

56 2481 227 2565 colloquio,
250 2482 436 2546 coniunctas
456 2482 492 2546 in
509 2481 597 2545 omni
617 2500 762 2544 sermone
777 2479 931 2557 dexteras,
955 2478 1025 2542 ioca

56 2566 204 2650 seriaque
227 2566 472 2647 communicata,
497 2566 609 2630 obtutu
631 2569 743 2628 mutuo
765 2568 928 2628 transacta
950 2584 1024 2627 con-

56 2650 159 2733 uiuia,
184 2650 242 2713 illa
264 2668 324 2714 me·
337 2650 492 2734 cogitatio
514 2651 601 2714 subit
622 2664 758 2733 quanam
780 2649 880 2712 animi
902 2648 1024 2732 magni-

56 2733 169 2799 tudine
197 2734 237 2798 ad
264 2733 448 2799 reuisendos
478 2734 633 2799 exercitus
663 2737 787 2797 uestros
815 2732 1024 2797 discesseritis
1037 2759 1065 2798 eo

56 2819 271 2903 pietatemque
304 2821 444 2882 uestram
478 2819 617 2883 utilitate
650 2819 844 2901 reipublicae
872 2817 1023 2880 uiceritis.

126 3060 142 3108 3
161 3061 258 3121 operta
276 3058 311 3119 Η,
329 3060 435 3109 correxi
453 3054 466 3123 [l
485 3060 500 3108 8
520 3058 615 3107 autin
634 3059 709 3108 fores
727 3058 755 3106 in
774 3057 847 3121 publ.
867 3057 899 3104 W
919 3053 929 3121 ΙΙ
951 3055 1025 3105 9111-

55 3126 133 3174 mina
149 3124 281 3175 Liuineius
295 3123 301 3190 Ι
317 3124 396 3176 clam.
416 3141 508 3176 omnes
526 3139 564 3174 w:
587 3125 667 3175 clam.
685 3125 811 3175 omnibus
828 3125 856 3172 Κ
867 3122 877 3188 ΙΙ
896 3126 927 3172 13
945 3125 1023 3174 uides

55 3192 152 3243 ambos
168 3197 201 3242 ut
218 3208 280 3257 eqo:
299 3192 379 3243 ambo
397 3199 461 3243 sunt
478 3194 505 3241 Η
520 3191 524 3258 Ι
540 3194 655 3243 iunctim
674 3193 763 3243 Bertr
782 3192 868 3243 iuncti
885 3193 907 3239 Δ
925 3191 1024 3240 inuicti

55 3260 77 3309 B
89 3262 107 3310 0
119 3260 143 3308 V
154 3261 186 3309 W
199 3258 209 3325 ll
223 3263 255 3311 13
273 3260 439 3326 eloquuntur·
456 3262 474 3308 0
487 3258 497 3325 ΙΙ
514 3263 545 3311 21
565 3261 709 3324 quominus
729 3260 759 3308 W
771 3258 781 3322 11
798 3262 830 3311 23
849 3273 915 3309 sune
932 3274 978 3307 om.
991 3258 1024 3306 W

57 3330 70 3393 Ι“
95 3329 129 3378 24
146 3342 220 3377 nune
237 3324 331 3393 01126
349 3334 441 3378 tumen
459 3344 505 3378 om.
518 3329 592 3379 Bere.
612 3328 617 3393 l
637 3329 703 3378 mihi
720 3329 800 3377 AW:
819 3326 888 3377 nihil
905 3326 988 3374 Bcv
1009 3324 1022 3389 ἢ

56 3397 89 3447 27
108 3397 256 3446 conuictos
275 3397 292 3445 (t
312 3395 316 3461 Ι
335 3397 398 3447 ioca
417 3395 555 3460 seriaque]
575 3397 798 3459 occsariaquoW
815 3398 1023 3458 0011019100ον-

55 3466 174 3529 ruptelue
197 3461 208 3529 ll
232 3464 265 3514 28
284 3464 504 3515 conuiuiorum:
524 3464 661 3515 connubia
678 3465 706 3510 Η
723 3463 798 3513 Berr.
