2294 3780
103 163 164 226 140
426 165 458 216 v.
487 148 638 216 morari
653 160 733 214 rau.

101 314 219 379 Caesar
246 314 301 378 ille
329 316 440 378 auctor
466 312 563 376 uestri
586 311 726 375 nominis
753 331 825 376 oum
847 308 1068 374 Romanorum

100 399 221 481 primus
244 399 412 479 intrasset,
443 396 540 460 alium
567 417 601 459 sc
623 397 732 460 orbem
753 397 911 458 terrarum
938 392 1070 476 scripsit

101 482 297 567 repperisse,
331 483 439 545 tantae
467 479 699 565 magnitudinis
732 479 905 543 arbitratus
933 481 970 541 ut
998 497 1067 540 non

101 566 291 632 circumfusa
322 586 455 648 oceano,
494 564 549 628 scd
578 564 742 646 complexa
774 564 880 647 ipsum
913 582 1067 626 occanum

75 650 272 715 suideretur.
318 649 481 714 sedenim
509 648 565 712 illa
586 651 690 712 aetate
717 669 778 712 nec
802 646 970 711 Britannia
991 645 1070 709 ullis

102 738 171 798 crat
199 734 239 797 ad
266 733 383 799 nauale
403 734 523 798 bellum
552 736 675 797 armata
699 732 840 817 nauigiis
867 734 900 795 et
920 729 1069 794 Romana

100 840 151 882 res
178 818 253 882 inde
283 819 348 881 11111
376 840 395 882 1
422 816 553 882 Punicis
582 817 796 900 Asiaticisque
824 814 932 896 bellis,
967 814 1070 878 etiam

100 903 223 966 recenti
245 902 418 966 exercitata
433 902 572 966 Piratico
596 904 628 965 et
645 901 820 985 posteriore
835 898 1068 981 Mithridatico,

100 1007 166 1049 non
193 986 298 1069 magis
325 986 469 1050 terrestri
496 1007 592 1069 quam
618 985 727 1049 nauali
753 1006 813 1049 usu
840 983 981 1069 uigebat.
1026 984 1068 1046 ad

63 1072 162 1133 101101
183 1071 272 1134 natio
295 1071 390 1134 etiam
411 1074 490 1134 tunc
511 1069 599 1134 rudis
621 1073 653 1134 et
674 1069 750 1135 solis
773 1068 946 1156 [Britanni]
966 1066 1071 1131 Pictis

100 1154 194 1218 modo
216 1157 249 1219 et
262 1154 417 1218 Hibernis
437 1157 563 1218 assueta
582 1154 738 1233 hostibuS,
762 1152 865 1216 adhuc
880 1150 1071 1234 seminudis,

100 1238 196 1302 facile
217 1238 372 1303 Romanis
394 1239 491 1303 armis
513 1239 675 1322 signisque
698 1237 804 1319 cessit,
828 1258 926 1320 prope
948 1240 984 1299 ut
1005 1233 1068 1300 hoc

100 1344 165 1387 uno
182 1322 300 1388 Caesar
314 1323 444 1408 gloriari
466 1323 502 1386 in
523 1323 580 1386 illa
598 1322 801 1406 expeditione
823 1320 967 1384 debuerit
981 1320 1068 1404 quod

100 1408 285 1489 nauigasset
307 1429 472 1472 oceanum.

63 1510 88 1548 15
164 1490 237 1553 XII.
261 1491 328 1554 Isto
349 1513 426 1555 uero
446 1491 570 1556 nefario
585 1489 755 1554 latrocinio
775 1489 913 1553 abducta
928 1488 1068 1571 primum

102 1596 121 1637 a
143 1573 287 1720 fugiente
309 1575 413 1656 pirata
435 1575 545 1658 classe,
567 1596 649 1658 quae
671 1573 748 1638 olim
764 1573 886 1638 Gallias
906 1572 1069 1655 tuebatur,

102 1657 171 1721 aedi
197 1658 338 1740 ratisque
360 1660 525 1741 praeterea
546 1658 691 1741 plurimis
713 1659 748 1721 in
769 1658 915 1721 nostrum
936 1656 1078 1727 modum

100 1742 251 1824 nauibus,
279 1745 434 1824 occupata
461 1743 587 1840 legione
609 1742 769 1821 Romana,
800 1740 982 1805 interclusis
1009 1741 1070 1804 ali-

100 1828 177 1907 quot
200 1825 442 1907 peregrinorum
464 1826 602 1890 militum
625 1827 743 1908 cuneis,
767 1825 940 1891 contractis
963 1824 1003 1888 ad
1021 1825 1070 1888 di-

62 1927 88 1967 10
101 1908 219 1972 lectum
241 1909 469 1973 mercatoribus
485 1909 668 1993 Gallicanis,
691 1910 870 1975 sollicitatis
890 1931 948 1994 per
965 1908 1072 1992 spolia

100 1992 243 2075 ipsarum
269 1993 508 2076 prouinciarum
535 2016 601 2059 non
628 1994 841 2060 mediocribus
869 1995 969 2078 copiis
994 1993 1070 2057 bar-

101 2077 250 2141 barorum
272 2079 367 2161 atque
383 2077 433 2142 his
448 2079 595 2143 omnibus
618 2079 657 2143 ad
673 2080 784 2145 munia
805 2080 936 2144 nautica
949 2077 1068 2162 flagitii
1130 2108 1133 2113 ·

100 2162 186 2226 illius
203 2165 367 2226 auctorum
384 2163 569 2248 magisterio
585 2164 728 2247 eruditis,
750 2164 942 2230 exercitibus
958 2165 1068 2227 autem

100 2247 216 2311 uestris
239 2246 316 2311 licet
343 2248 472 2312 inuictis
499 2250 633 2334 uirtute,
661 2252 771 2313 tamen
793 2249 828 2313 111
848 2270 883 2312 11
905 2247 1069 2311 maritima

61 2332 208 2396 anonis:
243 2332 362 2396 malam
392 2334 546 2398 coaluisse
578 2355 616 2398 cx
645 2334 712 2397 indi
737 2333 869 2397 nissimo
895 2332 1068 2397 latrocinio

100 2415 177 2478 belli
207 2417 324 2480 molem
351 2418 564 2500 pauebamus,
601 2419 677 2483 licet
705 2355 744 2482 de
772 2419 858 2482 exitu
885 2417 1067 2482 fideremus.
1123 2460 1126 2464 -

99 2521 174 2561 nam
202 2502 235 2563 et
257 2507 435 2564 accesserat
457 2501 608 2566 diuturna
636 2502 763 2566 sceleris
785 2502 960 2586 impunitas
1006 2522 1068 2565 uae

100 2582 339 2664 desperatorum
361 2584 525 2648 hominum
554 2586 682 2649 inflarat
709 2585 888 2670 audaciam,
918 2589 955 2650 ut
976 2522 1068 2649 ibam

99 2665 337 2730 inclementiam
362 2668 476 2748 maris,
508 2690 588 2751 quas
613 2670 781 2734 uictoriam
808 2673 948 2735 uestram
970 2669 1068 2733 fatali

62 2768 87 2808 ao
100 2749 235 2834 quadam
257 2748 446 2816 necessitate
469 2752 648 2832 distulerat,
671 2775 730 2837 pro
752 2755 802 2818 sui
823 2759 945 2820 terrore
966 2756 1068 2818 iacta-

99 2908 302 2918 w*-

167 3010 269 3058 5enim
288 3012 323 3060 A:
342 3025 402 3060 cum
420 3012 453 3060 W
471 3028 532 3062 eam
549 3015 603 3062 GV
622 3029 655 3064 ea
673 3016 693 3064 B
718 3012 727 3080 ΙΙ
751 3016 767 3064 8
786 3014 938 3079 posteriore
955 3015 1068 3078 scripsi:

98 3076 240 3138 propriore
258 3079 286 3126 H
303 3080 430 3144 propiore
448 3079 524 3133 Bere.
543 3083 633 3146 priore
653 3084 784 3133 Liuineius
805 3080 815 3146 11
839 3085 869 3131 10
887 3083 970 3131 etiarn
988 3081 1068 3130 natio

97 3148 163 3189 tunc
182 3143 255 3193 Bert.
272 3144 276 3209 Ι
292 3146 374 3195 rudes
392 3146 414 3194 Δ
432 3147 454 3194 V
470 3144 590 3214 11110111
608 3162 646 3198 w:
666 3150 718 3200 soli
736 3147 782 3213 111
802 3148 930 3198 Britanni
948 3150 1042 3198 seclusi
1057 3144 1067 3213 11

98 3209 129 3256 11
149 3212 255 3260 assueti
273 3221 299 3262 et
316 3213 452 3264 seminudi
469 3213 516 3280 1011
536 3219 567 3266 12
586 3217 672 3266 cessit
689 3220 798 3280 scripsi:
816 3213 1068 3280 111111111111116

96 3274 194 3356 ruebat
211 3279 234 3325 A
245 3280 265 3327 B
278 3281 331 3328 (tv
347 3277 358 3344 11
376 3281 408 3331 11
427 3297 478 3346 que
497 3300 543 3334 om.
562 3287 580 3332 c
598 3281 608 3347 ΙΙ
625 3287 658 3335 23
677 3285 798 3334 auctoris
816 3283 890 3333 Bert.
910 3284 987 3346 Cusp.
1004 3281 1015 3347 11
1032 3284 1068 3332 24

96 3347 197 3393 uestris
214 3345 346 3397 ΜΠ
363 3346 454 3398 Berts
472 3352 574 3401 nostris
591 3351 612 3399 B
630 3353 689 3402 edd.
715 3348 725 3415 l
754 3347 1066 3415 asmalam1magnam

95 3411 242 3467 Acidaliua·
269 3432 302 3464 aa
321 3419 447 3466 tantam?
479 3417 489 3483 ΙΙ
522 3421 554 3469 26
578 3420 749 3482 pauebamus
766 3420 875 3482 scripsi:
898 3417 1068 3468 audebamus

95 3479 118 3525 A
130 3479 150 3527 B
163 3480 180 3528 (t
192 3480 215 3527 V
226 3480 302 3533 Bere.
321 3483 499 3536 audiebamus
518 3486 551 3534 W
568 3487 626 3536 edd.
644 3483 654 3550 ss
672 3487 704 3536 29
723 3489 845 3536 nostram
863 3485 913 3535 fat.
932 3487 991 3539 edd.
