2294 3780
107 168 170 233 252
450 170 498 219 xr.
530 167 737 219 irenaeum

108 319 209 403 perlui
231 318 382 382 inundari
404 318 545 399 madere,
572 316 642 381 fora
664 316 886 380 deambulacra
907 316 1083 400 gymnasia

108 404 201 468 laetis
225 406 257 467 et
278 402 492 487 gaudentibus
508 401 636 486 populis
657 401 864 484 frequentari,
890 401 957 464 dies
975 401 1080 465 festos

109 491 141 551 et
163 488 317 551 celebrari
345 490 470 550 ueteres
499 490 531 550 et
556 507 658 549 nouos
687 485 721 549 in
744 486 899 548 honorem
921 484 1082 569 principis

110 573 296 636 consecrari.
399 639 401 643 ,

82 674 95 714 5
173 655 213 718 X.
265 654 299 718 si
335 654 405 737 quis
442 654 627 717 mortalium
664 655 699 717 in
733 654 870 737 aliquam
907 653 1082 717 caelestem

109 738 270 823 speculam
299 740 382 801 nube
412 738 557 801 sublatus
578 737 675 821 paulo
705 742 779 801 ante
802 738 935 801 uidisset
956 741 1087 801 maesta

109 823 226 905 omnia,
249 823 401 886 semiruta
416 823 540 905 oppida,
563 822 706 885 desolata
720 822 846 885 moenia
861 823 901 885 ab
916 822 1083 906 indigenis

111 907 347 990 [solitudinem]
354 955 363 988 ,
393 906 520 970 exulum
542 907 685 989 turbam,
716 907 744 969 is
773 906 800 969 si
823 927 910 970 nune
936 905 1018 969 mihi
1044 907 1083 970 in

31 1010 34 1015 ’
109 992 193 1055 idem
216 992 294 1055 illud
317 992 436 1055 editum
452 997 625 1074 reponatur
648 1012 684 1054 ac
700 990 855 1072 despiciat
878 992 995 1053 cuneta
1015 990 1082 1054 lae·

71 1097 96 1135 ιο
110 1075 229 1157 tantia,
258 1097 352 1161 agros
375 1076 531 1157 consitos,
553 1075 647 1138 urbes
669 1074 867 1157 frequentes,
899 1096 1000 1157 aquas
1022 1096 1080 1158 op·

109 1160 192 1242 pidis
214 1161 395 1242 influentes,
419 1160 590 1244 magnifico
613 1159 700 1223 cultu
722 1180 788 1222 non
806 1159 950 1242 priuatas
973 1159 1084 1241 aedes,

109 1244 164 1307 sed
186 1245 315 1328 publica
336 1248 424 1308 tecta
453 1245 632 1328 surgentia,
662 1243 744 1306 dites
766 1264 823 1326 pro
847 1247 1005 1306 terrarum
1031 1243 1082 1306 in·

109 1329 212 1412 geniis
234 1330 391 1393 messibus
414 1332 554 1413 segetes,
578 1329 743 1392 uincentes
766 1327 979 1410 agricolarum
1001 1331 1084 1391 uota

109 1413 299 1495 uindemiaS,
323 1415 438 1477 arduos
462 1413 558 1476 colles
580 1412 816 1496 profundasque
838 1412 939 1476 ualles
962 1416 995 1476 et
1012 1413 1085 1476 lata

60 1518 97 1557 u
111 1518 296 1580 camporum
323 1497 432 1560 balatu
454 1497 583 1560 hinnitu
612 1496 787 1580 mugitibus
814 1517 968 1578 persona:
1006 1517 1079 1579 pro·

109 1581 194 1644 fecto
216 1582 384 1645 mirabitur
405 1584 472 1644 tam
493 1581 583 1646 breui
606 1584 722 1644 cuncta
744 1584 883 1660 mutata,
913 1580 1040 1645 desiliet
1061 1603 1081 1644 e

108 1665 247 1729 nubibus
270 1670 303 1729 et
324 1666 476 1730 uiciniam
500 1665 577 1729 caeli
600 1664 713 1747 cupide
731 1664 931 1747 derelinquet
952 1668 989 1729 ut
1002 1665 1079 1743 tuis,

109 1749 297 1831 imperator,
325 1750 419 1812 terris
440 1751 576 1813 fruatur.
620 1749 698 1812 illud
722 1770 796 1813 uero
820 1751 908 1813 cuius
929 1749 1079 1813 miraculi

111 1835 160 1894 est
186 1834 347 1895 neminem
369 1834 468 1895 ullum
497 1834 644 1897 intanto
672 1855 778 1897 rerum
800 1838 914 1916 paratu
940 1837 1080 1898 sensisse

71 1934 96 1972 ro
109 1914 326 1999 dispendium,
359 1917 393 1979 in
422 1918 529 1980 omnia
550 1919 721 2000 pecuniam
749 1918 788 1981 ab
811 1918 1003 2001 imperatore
1026 1918 1079 1981 de·

108 1999 212 2081 promi
235 2003 268 2062 ct
289 2000 446 2083 quoddam
468 2023 561 2064 uersa
582 2002 653 2066 uice
671 2002 843 2084 prouinciis
865 2002 963 2085 pendi
978 2003 1078 2067 tribu·

108 2087 193 2168 tum,
229 2083 318 2148 illinc
350 2085 390 2149 ad
418 2087 584 2150 uniuersos
611 2085 709 2149 fluere
738 2085 865 2149 diuitias
895 2108 958 2169 quo
988 2087 1078 2171 prius

109 2168 249 2252 undiquc
278 2171 506 2234 confluebant?
551 2175 588 2235 ut
610 2170 644 2233 in
665 2171 805 2233 maxima
827 2172 1013 2253 quaestione
1036 2171 1079 2236 sit

110 2273 128 2314 a
150 2275 212 2335 quo
235 2255 381 2337 accipias,
403 2255 587 2338 imperator,
611 2255 666 2338 qui
689 2256 734 2318 sic
756 2255 903 2318 omnibus
919 2255 1077 2340 largiaris.

70 2353 96 2393 25
110 2336 164 2399 sed
187 2338 243 2421 qui
265 2339 350 2402 uitae
367 2345 442 2403 tuae
465 2341 614 2403 instituta
636 2339 855 2422 rationemque
877 2340 1079 2425 cognouerit,

16 2446 17 2450 ¹
108 2420 203 2485 facile
225 2422 347 2486 fontem
373 2424 484 2507 copiae
506 2424 599 2488 huius
622 2424 776 2487 inueniet.
822 2425 995 2489 maximum
1016 2425 1078 2489 tibi

108 2505 239 2585 praebet
260 2509 457 2588 parsimonia
476 2511 541 2589 tua,
565 2509 719 2591 Auguste,
743 2508 892 2592 uectigal.
923 2508 1078 2592 quidquid

109 2587 195 2649 enim
230 2589 282 2651 alii
317 2591 352 2653 in
383 2591 571 2673 cupiditates
605 2593 750 2675 proprias
780 2593 1011 2676 prodigebant,
1043 2592 1079 2656 id

109 2691 203 2734 omne
224 2694 311 2737 nune
333 2675 368 2736 in
390 2696 464 2738 usus
486 2676 631 2758 publicos
654 2682 844 2741 reseruatur.

69 2771 94 2811 ³⁰
171 2754 228 2819 XI.
259 2755 434 2842 Hucusque
457 2760 542 2823 solus
564 2762 591 2822 is
612 2761 735 2824 fructus
758 2761 883 2844 imperii
903 2762 1081 2844 putabatur

107 2842 144 2902 ut
172 2841 345 2925 imperator
377 2865 396 2906 a
425 2845 537 2908 ceteris
569 2845 691 2908 ciuibus
723 2866 789 2908 non
818 2845 953 2909 fortibus
980 2845 1077 2909 factis

107 2944 168 2988 nee
197 2926 366 3009 splendore
393 2929 530 3013 gloriae,
561 2929 615 2992 sed
643 2929 864 3014 magnitudine
892 2933 1079 3013 sumptuum

178 3081 190 3126 1
210 3082 336 3130 mundari
353 3084 388 3140 Η,
406 3097 474 3132 corr.
490 3097 505 3146 ς
523 3081 533 3146 ΙΙ
550 3085 565 3132 2
584 3080 623 3146 etl
644 3086 696 3133 oA
713 3082 723 3148 ΙΙ
740 3086 755 3132 6
774 3084 912 3147 speculam
929 3082 994 3132 Ao:
1015 3098 1078 3148 spe-

106 3143 216 3194 luncam
234 3148 255 3195 B
269 3148 289 3194 V
302 3149 333 3195 W
349 3146 359 3212 ΙΙ
382 3151 396 3197 7
415 3150 563 3214 semirupta
581 3152 614 3198 W
635 3149 645 3216 ΙΙ
666 3154 681 3202 8
700 3151 875 3201 solitudinem
892 3152 985 3201 seclusi
999 3149 1004 3213 Ι
1019 3158 1077 3201 tur-

106 3212 170 3262 bam
188 3228 234 3262 om.
253 3216 270 3262 0
286 3216 289 3276 Ι
306 3216 371 3263 mihi
389 3215 417 3263 in
436 3232 497 3280 epo:
515 3218 599 3267 michi
615 3220 638 3266 A
656 3222 684 3267 in
703 3219 831 3267 BGVW
852 3217 861 3283 ΙΙ
883 3222 899 3264 9
918 3219 989 3269 idem
1006 3218 1078 3269 illud

106 3280 141 3327 A:
165 3279 233 3329 illud
253 3281 324 3330 idem
343 3289 401 3331 cett.
426 3279 435 3346 ΙΙ
462 3286 493 3334 13
510 3286 685 3335 mensibusc
709 3284 718 3351 ΙΙ
743 3289 775 3336 15
793 3302 940 3350 personare
959 3300 985 3336 w
1008 3284 1019 3352 ΙΙ
1045 3289 1078 3338 19

106 3345 197 3411 tanto]
215 3349 304 3398 tacito
321 3347 345 3396 A
360 3347 370 3413 ΙΙ
388 3352 420 3398 22
438 3353 584 3402 uniuersas
602 3353 624 3401 A
640 3352 650 3419 ΙΙ
668 3357 700 3405 23
719 3355 874 3404 confluebat
891 3357 914 3403 A
932 3353 942 3420 ΙΙ
961 3357 995 3406 28
1013 3371 1077 3420 pro·

105 3416 190 3532 pricesB
201 3416 370 3533 egpgdivtlatee
389 3417 405 3465 0
424 3415 434 3483 ΙΙ
456 3421 489 3469 30
506 3422 677 3484 putabantur
693 3421 715 3469 A
737 3419 747 3485 ΙΙ
767 3424 800 3471 32
819 3422 926 3486 gloriae
943 3422 967 3471 A
985 3423 1079 3476 Bert:

123 3498 152 3535 m.
