2294 3780
300 137 513 190 THEODOSIO
532 135 704 189 AUGUSTO
722 138 758 193 D.
778 140 887 189 45-4'1.
1012 137 1076 203 313

108 288 228 370 liberis,
252 289 359 352 cuncti
379 287 526 371 denique,
550 286 636 371 quod
653 290 702 351 est
687 286 850 369 tduloius,
871 286 1075 353 innocentiae

109 372 250 436 restituti
272 375 356 436 sunt.
400 372 486 454 uide,
508 373 697 455 imperator,
724 371 800 455 quid
822 370 883 436 hae
906 371 1075 437 clementia

110 460 299 521 consecutus
321 457 374 520 sis
407 456 514 521 fecisti
535 460 573 520 ut
588 477 685 553 nemo
706 456 768 519 sibi
782 456 886 521 uictus
900 459 933 521 te
953 456 1075 521 uictore

108 541 263 605 uideatur.
308 541 475 625 spectabas
498 541 653 606 haecet
639 541 703 605 tuis
726 540 861 605 collibus
869 540 1016 623 ,Roma‚
1043 546 1077 606 et

109 628 242 708 septena
265 648 338 690 arce
360 626 505 690 sublimis
528 625 642 690 celsior
662 625 781 710 gaudio
803 591 965 690 ferelraris.
1087 644 1102 687 e

172 708 285 774 XLVI.
339 710 403 793 Tu,
433 732 513 795 quae
541 713 672 793 experta
699 709 865 776 Cinnanos
892 709 1015 774 furores
1043 714 1083 774 et

110 795 248 857 llarium
276 798 349 878 post
335 794 472 858 texilia
501 793 725 860 crudelemt
692 798 725 859 et
752 795 875 861 Sullam
901 799 958 859 tua
987 794 1077 859 clade

109 878 310 943 Felicemt
277 882 310 943 et
336 877 543 944 Caesarem
534 901 569 942 1n
596 881 737 944 mortuos
770 880 1006 945 misericordem
1035 878 1075 943 ad

110 985 204 1027 omne
242 963 345 1028 ciuilis
381 968 485 1029 motus
523 963 691 1028 classicum
727 965 955 1047 tremescebas,
996 985 1075 1047 quae

109 1051 234 1130 praeter
262 1051 404 1133 stragem
432 1048 568 1113 militum
591 1052 723 1146 utraque
747 1048 1114 1132 tibipartepereun·1o

108 1134 190 1197 tium
213 1134 354 1197 extincta
376 1132 461 1198 domi
489 1136 581 1197 senat
581 1156 618 1197 us
566 1133 688 1197 ttui
710 1132 846 1216 lumina,
875 1132 988 1198 suffixa
1008 1134 1075 1215 pilo

110 1217 277 1282 consulum
305 1220 427 1302 capita,
393 1217 519 1284 11th
504 1221 595 1282 tenes
618 1218 653 1281 in
675 1220 809 1282 mortem
837 1219 965 1282 coactos
986 1220 1076 1281 trun-

110 1323 226 1386 cosque
254 1270 488 1368 Ciceronedt
455 1306 488 1366 et
515 1302 685 1400 Pompeios
718 1302 849 1366 fieueras
865 1301 1074 1399 insepultos,

110 1387 160 1450 cui
188 1386 306 1451 damna
329 1387 480 1484 grauiora
508 1388 625 1451 scissus
651 1387 687 1450 in
708 1390 816 1470 partes
844 1386 962 1450 ciuium
989 1351 1077 1482 furor

131 1492 204 1534 uam
232 1472 373 1555 portis
364 1473 534 1536 rmminens
562 1471 690 1536 Poenus
719 1474 775 1535 aut
800 1473 948 1556 receptus
976 1469 1075 1533 muris
1088 1488 1115 1531 n

109 1494 222 1619 dalius
244 1557 412 1640 intulerat,
437 1577 487 1620 cur
480 1555 640 1620 Alliensi
662 1556 714 1619 die
733 1555 885 1619 Emathia
906 1554 1075 1637 funestior,

110 1639 233 1705 Cannis
259 1639 385 1706 Collina
405 1606 540 1704 feralior
567 1645 635 1704 tam
664 1640 746 1704 altas
774 1639 852 1704 olim
878 1639 937 1705 reli
961 1643 1077 1704 uerunt

110 1724 273 1789 cicatrices
306 1729 342 1789 ut
371 1726 502 1810 grauius
536 1746 662 1823 semper
687 1729 775 1789 tuam
808 1747 905 1808 quarn
937 1662 1076 1788 ilianum

109 1812 240 1956 experta
261 1809 363 1874 uirtut
348 1813 414 1874 tem
441 1808 524 1875 nihil
546 1810 607 1875 tibi
632 1810 738 1895 magis
760 1831 855 1894 quam
876 1814 909 1874 te
930 1810 1074 1874 timeres:

108 1915 142 1956 ur
164 1894 219 1957 isti
248 1894 341 1959 ciuile
364 1895 483 1960 bellum
511 1895 653 1960 hostiurn
679 1896 789 1975 caede,
819 1894 957 1959 militum
985 1913 1115 1978 pace,so

107 1977 220 2042 Italiae
242 1982 498 2063 recuperatione,
529 1982 586 2045 tua
606 1980 754 2044 libertate
776 1980 918 2062 finitum,
954 1980 1074 2060 uidisti,

108 2063 254 2210 inquam,
284 2064 412 2127 finitum
439 2064 533 2127 ciuile
554 2063 673 2126 bellum
702 2064 753 2126 cui
776 2029 943 2127 decernere
965 2083 1077 2146 posses

108 2148 205 2210 trium
228 2146 316 2211 hum.

173 2170 316 2294 X.XVII
358 2229 522 2294 Hactenus
556 2232 688 2313 memet,
725 2229 900 2313 imperator
932 2233 1076 2314 auguste,

109 2315 298 2397 praeteritas
326 2335 376 2378 res
397 2318 471 2379 tuas
500 2317 688 2378 attrectasse
715 2314 764 2378 fas
791 2313 898 2378 fuerit.
943 2317 977 2377 at
1003 2332 1115 2380 cumae

108 2408 234 2482 tempus
272 2397 444 2463 admoneat
484 2399 666 2463 meminisse
702 2398 936 2496 praesentium,
979 2398 1077 2462 finem

109 2483 249 2580 sermoni
276 2483 382 2549 facere
409 2484 576 2549 maluerim
598 2504 693 2567 quam
720 2484 755 2547 in
779 2482 967 2566 amplissimi
994 2482 1076 2547 ordi-

109 2568 159 2631 nis
187 2590 302 2633 munus
330 2568 493 2666 inuadere.
538 2568 665 2632 dabitur
689 2571 860 2667 utqumqne
887 2567 983 2633 uenia
1005 2567 1077 2653 piae

108 2653 297 2737 temeritati,
328 2653 356 2718 si
384 2675 421 2718 us
484 2675 554 2718 asse
569 2653 778 2752 communia,
810 2675 879 2751 non
904 2674 983 2718 oocu
1006 2674 1076 2717 asse

108 2737 273 2804 uideamur
299 2738 415 2803 aliena.
478 2738 593 2804 iouerit
578 2737 715 2821 tmihi,
727 2760 833 2835 quae
867 2738 902 2802 in
930 2676 1114 2801 berlariam

108 2823 260 2908 gentibus
295 2822 543 2907 longinquisque
576 2788 751 2906 prouinciis
788 2843 847 2906 pro
883 2843 1006 2885 summa
1041 2842 1077 2885 re

179 3050 192 3095 1
210 3047 389 3097 innocentiae
408 3045 480 3111 quod
497 3051 540 3098 est
557 3045 664 3097 dulcius
682 3047 703 3095 B
720 3047 738 3094 0
754 3045 829 3106 VW,
847 3046 942 3095 rectius
959 3045 981 3093 Δ
999 3044 1075 3094 Bert.

145 3110 203 3177 te]
222 3118 250 3163 et
267 3114 341 3165 Bert.
367 3112 378 3179 ΙΙ
407 3116 502 3179 6tuq3
522 3130 584 3179 exp.
602 3113 664 3162 AV
691 3111 702 3178 ΙΙ
732 3115 764 3164 14
785 3081 866 3179 palte
883 3112 942 3163 sciu
961 3112 1077 3162 furori

110 3182 212 3232 ciuium
229 3198 275 3234 om.
293 3182 374 3234 Bert·
393 3180 403 3247 ΙΙ
433 3184 466 3234 16
484 3181 614 3232 halliensi
631 3182 659 3228 1
682 3178 687 3245 Ι
711 3179 756 3231 die
775 3180 933 3231 emaciaA:
958 3180 1077 3229 diceina·

109 3251 149 3298 tia
165 3250 198 3297 W
216 3248 364 3300 diecmatia
380 3250 401 3298 B
419 3249 442 3297 V
460 3249 503 3299 die
521 3249 626 3299 cinatia
644 3249 662 3297 0
686 3246 697 3315 {l
727 3250 758 3299 11
776 3248 946 3312 reliquerant
962 3260 988 3295 w
1010 3244 1021 3310 ll
1045 3248 1077 3296 19

108 3318 215 3366 timeris
213 3318 255 3397 j
278 3315 288 3383 ΙΙ
312 3313 476 3382 211taliae]
497 3318 600 3367 ciuium
618 3330 643 3365 w
666 3313 677 3381 ΙΙ
706 3317 739 3367 26
758 3316 905 3367 admoneat
922 3313 1076 3363 meminisse

109 3401 144 3450 A:
172 3400 251 3452 admo
269 3402 426 3453 meminisse
443 3403 464 3451 B
480 3402 503 3450 V
526 3400 714 3452 admonuisset
731 3403 749 3450 0
771 3401 808 3451 sit
825 3397 968 3450 admodum
984 3397 1078 3447 memi-

108 3469 186 3520 nisse
203 3482 229 3517 w
252 3467 262 3535 l}
286 3471 319 3520 29
337 3470 490 3520 temeritati
508 3466 545 3535 si]
565 3469 730 3522 temeritatis
747 3470 775 3516 1
793 3465 985 3519 temeritatis!
