2294 3780
259 142 471 195 nrxnrmno
490 141 657 195 Arousro
676 144 709 194 n.
746 147 821 197 e-e.
980 143 1021 208 93

59 310 166 356 uersae
182 289 307 356 Galliae
326 290 526 356 minarentur
540 313 563 356 n
603 314 643 357 ue
658 293 760 356 solum
776 291 1021 378 Burgundiones

58 377 88 440 et
107 374 293 456 Alamanni,
315 374 371 441 sed
394 376 489 439 etiam
511 313 689 442 Ohriilrones
712 376 876 474 Erulique,
898 376 1021 441 uiribus

77 460 150 524 rimi
170 459 393 542 barbarorum,
416 459 494 525 loeis
515 460 630 543 ultimi,
653 460 821 545 praeeipit1
842 462 964 545 impetu
987 462 1021 527 in

55 482 1047 702 intererimus„reiteraretur⁵

55 712 183 777 diuinae
198 712 430 797 prouidentiae,
451 678 635 797 imperator,
658 713 792 778 oonsilio
818 714 906 798 prius
926 736 1022 800 quam

55 797 88 862 ui
100 796 222 861 bellum
243 796 418 881 gerendum
437 800 526 862 ratus
548 801 668 863 eeteros
689 797 817 882 quidem
832 799 1020 883 perduelles,

54 881 170 967 quibus
185 881 257 964 ipsa
271 881 441 946 multitudo
456 882 609 966 pestifero
626 885 704 967 erat,
728 883 773 948 ire
795 904 908 967 passus
931 905 964 948 es
986 884 1022 948 in

54 964 247 1050 profundam
274 964 392 1030 famem
414 968 447 1029 et
468 988 507 1030 ex
534 966 618 1032 fame
639 969 675 1032 ia
695 968 924 1050 pestilentiam,
947 989 1022 1032 mox

54 1051 98 1115 od
121 1049 222 1113 trium
245 1047 279 1112 hi
306 1053 496 1115 ornamenta
523 1071 561 1115 oa
583 1051 678 1115 ienda
704 1050 844 1117 militum
872 1052 1022 1117 manibus
1036 1082 1060 1122 ιο

52 1154 185 1216 usurus,
214 1071 396 1199 &haibonas
429 1138 539 1199 tamen
595 1136 742 1220 rulosque
774 1157 841 1202 non
872 1138 1022 1221 dignatus

54 1218 208 1303 pmastu
218 1217 351 1302 perdere
363 1222 459 1303 atque
470 1219 1022 1285 utinterimdiuinauirtustuaexer-

55 1302 209 1367 citat-ione
230 1301 325 1367 solita
347 1323 414 1367 non
436 1306 559 1368 careret
581 1308 691 1387 aperto
712 1304 815 1369 Marte
842 1308 936 1387 atque
957 1324 1021 1366 uno

54 1386 179 1471 impetu
199 1386 375 1471 perculisti,
398 1409 464 1452 non
484 1387 633 1452 uniuerso
653 1388 694 1451 ad
715 1387 746 1451 id
769 1387 924 1472 proelium
946 1408 1021 1452 usus

55 1470 1022 1642 tatros?ttltplhttilttqtttlttttttl
1036 1501 1061 1544 ¹⁵

55 1642 186 1724 totaque
208 1603 276 1704 acie
298 1639 489 1705 dimicares?
517 1641 585 1725 ipse
611 1579 712 1705 hosti)
726 1640 876 1725 undique,
906 1644 938 1705 et
960 1661 1023 1724 qua

55 1725 219 1789 resisteret
244 1727 277 1788 et
305 1746 368 1809 qua
397 1725 522 1789 cederet
549 1728 582 1789 et
609 1746 672 1808 qua
702 1725 830 1811 fugeret
862 1747 1021 1808 oceasum,
1060 1758 1066 1765 ·

55 1828 238 1873 occurreres
270 1829 472 1894 erroremque
510 1808 699 1874 aduersariis
735 1810 857 1894 pariter
888 1832 926 1875 ao
958 1809 1022 1874 tuis

54 1891 199 1958 faceres?
227 1914 299 1957 eum
320 1896 354 1958 te
376 1915 480 1978 neque
508 1893 637 1959 barbari
665 1916 764 1960 unum
792 1898 942 1979 putarent
967 1916 1021 1959 ne·
1035 1923 1061 1963 ro

54 1998 117 2061 que
138 1976 267 2060 milites,
289 1998 356 2041 non
376 1977 448 2042 dieo
469 1977 642 2062 stipatione
663 1982 758 2063 atque
778 1981 943 2060 comitatu,
966 1978 1021 2043 sed

54 2061 165 2127 saltim
185 2061 285 2126 oeulis
307 2062 396 2146 sequi
417 2062 570 2146 possent?
591 2066 658 2129 toto
674 2064 792 2148 quippe
829 2064 926 2128 roelio
942 2062 1022 2126 fere·

56 2146 145 2229 bare,
166 2166 234 2210 non
256 2143 351 2211 aliter
372 2167 467 2230 quam
495 2168 631 2233 magnus
653 2150 756 2211 amnis
778 2086 859 2212 solet
879 2146 1022 2210 hibernis

56 2229 215 2294 imbribus
229 2234 350 2327 'suetus
372 2233 404 2328 et
425 2230 555 2329 niuibus
585 2232 716 2328 passim·
732 2230 830 2294 fluere
852 2253 915 2326 qua
938 2250 1021 2293 oam-

53 2316 277 2465 suntet
293 2317 401 2464 ἓὲξ
424 2314 781 2483 litterarior
794 2316 1061 2463 ἓξὲξξὲἓὲ“

54 2504 109 2548 eos
131 2482 253 2548 relictis
275 2482 362 2547 domi
382 2484 571 2568 coniugibus
591 2505 628 2549 ao
648 2481 804 2547 matribus
826 2503 893 2547 non
914 2482 1023 2567 profu·

53 2588 117 2716 tgius
138 2565 256 2715 taliquis
279 2589 295 2632 e
317 2568 448 2652 proelio,
471 2568 527 2635 sed
548 2568 703 2634 uictoriae
723 2569 797 2632 tuae
818 2566 921 2652 gloria
943 2588 1022 2632 nun·

82 2671 162 2716 are.

113 2733 173 2800 VI.
188 2735 331 2801 Transeo
346 2736 595 2802 innumerabiles
611 2740 682 2802 tuas
697 2739 765 2802 tota
777 2735 882 2802 Gallia
896 2757 1022 2821 pugnas
1035 2770 1061 2811 ω

124 2920 195 2989 lui]
209 2925 268 2973 inc
294 2921 299 2981 Ι
325 2940 382 2989 ger.
403 2926 508 2975 curasti
525 2930 578 2975 cet.
596 2939 621 2974 w
643 2923 654 2990 ΙΙ
677 2925 694 2975 8
713 2924 811 2988 quibus
828 2924 945 2989 parebat
963 2925 1023 2989 ipsa

56 3004 83 3040 v
102 2989 107 3056 Ι
127 2992 263 3057 pestilera
280 2991 426 3042 multitudo
444 2992 464 3041 B
483 2995 501 3041 0
520 2994 541 3041 V
560 2992 564 3058 Ι
587 2991 722 3058 pestifera
741 2998 800 3042 erat
818 2993 858 3043 ire
877 2992 1023 3042 Liuineius:

57 3059 211 3191 peptgsefrat
230 3060 269 3109 ire
281 3058 401 3177 villici&
420 3061 555 3179 pestigera
567 3060 653 3192 tipeA
672 3063 703 3109 tu
720 3062 762 3177 lle!
779 3064 825 3109 tue
841 3060 859 3106 0
875 3062 929 3172 trpte
942 3059 964 3192 V!¹
976 3074 1024 3177 opi2

102 3172 106 3191 ,
171 3141 231 3176 ame
269 3141 343 3181 ear.
405 3143 474 3181 corr.
512 3143 567 3178 us.
629 3143 725 3177 mora
762 3140 881 3176 wzmox

56 3198 144 3258 atque
163 3143 300 3247 deleuel‘im
329 3193 339 3260 u
370 3197 400 3245 17
423 3197 483 3261 ipse
507 3145 652 3246 briennus:
680 3195 734 3261 ipsi
756 3196 783 3243 Π
807 3191 817 3259 l
847 3194 877 3245 18
895 3209 1024 3244 oceasum

57 3261 95 3314 Η.
114 3260 269 3312 Ruellinsl.
288 3265 304 3313 1.
324 3279 353 3327 p.
373 3266 421 3312 11:
444 3277 578 3312 oceanum
596 3261 671 3319 Bere,
690 3278 736 3313 om.
754 3263 781 3310 Π
801 3261 877 3325 (hisp.
906 3259 917 3326 Ι
944 3263 978 3312 20
996 3264 1024 3312 te

57 3342 147 3394 neque
166 3343 193 3378 r:
213 3344 304 3395 neque
323 3333 350 3382 te
368 3331 395 3378 Η
407 3327 418 3395 ΙΙ
430 3331 461 3379 21
481 3344 536 3379 non
553 3329 615 3381 dieo
626 3355 659 3366 -
677 3332 710 3380 22
728 3334 842 3395 possent
861 3345 908 3379 om.
926 3329 949 3377 Δ
965 3324 975 3394 ΙΙ
991 3329 1023 3376 22

58 3394 130 3462 toto]
149 3400 265 3448 tantoc
286 3396 297 3463 fl
318 3398 351 3447 ‘26
369 3396 545 3447 internitione
557 3399 584 3446 Π
605 3394 615 3462 fl
635 3399 668 3450 28
681 3413 698 3447 a
716 3396 822 3463 praelio
833 3398 866 3445 W
885 3394 888 3458 1
909 3395 1024 3462 gloriam

58 3463 81 3512 Α
100 3462 113 3529 Ιῖ
132 3467 166 3517 30
184 3472 233 3517 tna
251 3465 278 3512 H
297 3468 301 3531 5
321 3462 416 3516 Gallia
433 3465 507 3519 edd:
526 3463 616 3531 gloria
633 3466 660 3513 Π
