<?xml version="1.0" encoding="UTF-8"?>
<!DOCTYPE html PUBLIC "-//W3C//DTD XHTML 1.0 Transitional//EN"
    "http://www.w3.org/TR/xhtml1/DTD/xhtml1-transitional.dtd">
<html xmlns="http://www.w3.org/1999/xhtml" xml:lang="en" lang="en">
 <head>
  <title>
</title>
<meta http-equiv="Content-Type" content="text/html;charset=utf-8" />
  <meta name='ocr-system' content='tesseract 3.04.00' />
  <meta name='ocr-capabilities' content='ocr_page ocr_carea ocr_par ocr_line ocrx_word'/>
</head>
<body>
  <div class='ocr_page' id='page_1' title='image "./xiipanegyricila00baehgoog_0106.png"; bbox 0 0 2294 3780; ppageno 0'>
   <div class='ocr_carea' id='block_1_1' title="bbox 402 155 1056 220">
    <p class='ocr_par' dir='ltr' id='par_1_1' title="bbox 402 155 1056 220">
     <span class='ocr_line' id='line_1_1' title="bbox 402 155 1056 220; baseline 0.023 -15"><span class='ocrx_word' id='word_1_1' title='bbox 402 155 616 209; x_wconf 76' lang='lat' dir='ltr'>romanon.</span> <span class='ocrx_word' id='word_1_2' title='bbox 643 159 750 207; x_wconf 74' lang='lat' dir='ltr'>rr-rc.</span> <span class='ocrx_word' id='word_1_3' title='bbox 1018 158 1056 220; x_wconf 72' lang='lat'>71</span> 
     </span>
    </p>
   </div>
   <div class='ocr_carea' id='block_1_2' title="bbox 84 305 1098 2830">
    <p class='ocr_par' dir='ltr' id='par_1_2' title="bbox 84 305 1097 1820">
     <span class='ocr_line' id='line_1_2' title="bbox 84 305 1058 389; baseline 0.001 -21"><span class='ocrx_word' id='word_1_4' title='bbox 84 305 241 369; x_wconf 83' lang='lat' dir='ltr'>debonis</span> <span class='ocrx_word' id='word_1_5' title='bbox 264 305 417 389; x_wconf 89' lang='lat' dir='ltr'>malisque</span> <span class='ocrx_word' id='word_1_6' title='bbox 431 306 631 388; x_wconf 89' lang='lat' dir='ltr'>principibus</span> <span class='ocrx_word' id='word_1_7' title='bbox 652 328 719 369; x_wconf 91' lang='lat' dir='ltr'>non</span> <span class='ocrx_word' id='word_1_8' title='bbox 736 309 861 370; x_wconf 85' lang='lat' dir='ltr'>tantum</span> <span class='ocrx_word' id='word_1_9' title='bbox 884 310 956 388; x_wconf 91' lang='lat' dir='ltr'>post</span> <span class='ocrx_word' id='word_1_10' title='bbox 971 308 1058 389; x_wconf 87' lang='lat' dir='ltr'>ipsos</span> 
     </span>
     <span class='ocr_line' id='line_1_3' title="bbox 90 389 1059 475; baseline 0.002 -24"><span class='ocrx_word' id='word_1_11' title='bbox 90 389 246 472; x_wconf 82' lang='lat' dir='ltr'>iudicarc3</span> <span class='ocrx_word' id='word_1_12' title='bbox 273 392 436 473; x_wconf 88' lang='lat' dir='ltr'>postremo</span> <span class='ocrx_word' id='word_1_13' title='bbox 458 394 495 453; x_wconf 86' lang='lat' dir='ltr'>ut</span> <span class='ocrx_word' id='word_1_14' title='bbox 519 390 735 473; x_wconf 88' lang='lat' dir='ltr'>experimento</span> <span class='ocrx_word' id='word_1_15' title='bbox 759 394 1005 475; x_wconf 86' lang='lat' dir='ltr'>cognosceretur</span> <span class='ocrx_word' id='word_1_16' title='bbox 1027 395 1059 454; x_wconf 89' lang='lat' dir='ltr'>et</span> 
     </span>
     <span class='ocr_line' id='line_1_4' title="bbox 90 473 1059 558; baseline 0.002 -22"><span class='ocrx_word' id='word_1_17' title='bbox 90 478 169 537; x_wconf 89' lang='lat' dir='ltr'>ante</span> <span class='ocrx_word' id='word_1_18' title='bbox 190 495 250 537; x_wconf 86' lang='lat' dir='ltr'>nos</span> <span class='ocrx_word' id='word_1_19' title='bbox 272 477 381 557; x_wconf 85' lang='lat' dir='ltr'>gratos</span> <span class='ocrx_word' id='word_1_20' title='bbox 388 521 397 554; x_wconf 96' lang='lat'>,</span> <span class='ocrx_word' id='word_1_21' title='bbox 426 474 481 537; x_wconf 89' lang='lat' dir='ltr'>sed</span> <span class='ocrx_word' id='word_1_22' title='bbox 502 473 635 537; x_wconf 89' lang='lat' dir='ltr'>miseros</span> <span class='ocrx_word' id='word_1_23' title='bbox 663 495 712 539; x_wconf 87' lang='lat' dir='ltr'>eos</span> <span class='ocrx_word' id='word_1_24' title='bbox 733 475 831 538; x_wconf 88' lang='lat' dir='ltr'>fuisse</span> <span class='ocrx_word' id='word_1_25' title='bbox 853 474 967 558; x_wconf 84' lang='lat' dir='ltr'>quibus</span> <span class='ocrx_word' id='word_1_26' title='bbox 990 496 1059 538; x_wconf 90' lang='lat' dir='ltr'>esse</span> 
     </span>
     <span class='ocr_line' id='line_1_5' title="bbox 89 558 1057 641; baseline 0.002 -21"><span class='ocrx_word' id='word_1_27' title='bbox 89 578 151 621; x_wconf 90' lang='lat' dir='ltr'>nos</span> <span class='ocrx_word' id='word_1_28' title='bbox 178 562 288 641; x_wconf 82' lang='lat' dir='ltr'>gratos</span> <span class='ocrx_word' id='word_1_29' title='bbox 314 558 448 640; x_wconf 88' lang='lat' dir='ltr'>probare</span> <span class='ocrx_word' id='word_1_30' title='bbox 477 561 572 621; x_wconf 84' lang='lat' dir='ltr'>antea</span> <span class='ocrx_word' id='word_1_31' title='bbox 598 579 664 621; x_wconf 91' lang='lat' dir='ltr'>non</span> <span class='ocrx_word' id='word_1_32' title='bbox 693 559 793 622; x_wconf 85' lang='lat' dir='ltr'>licuit.</span> <span class='ocrx_word' id='word_1_33' title='bbox 838 563 872 622; x_wconf 93' lang='lat' dir='ltr'>at</span> <span class='ocrx_word' id='word_1_34' title='bbox 894 580 957 641; x_wconf 89' lang='lat' dir='ltr'>qua</span> <span class='ocrx_word' id='word_1_35' title='bbox 984 580 1057 622; x_wconf 92' lang='lat' dir='ltr'>con·</span> 
     </span>
     <span class='ocr_line' id='line_1_6' title="bbox 88 641 1084 726; baseline 0 -22"><span class='ocrx_word' id='word_1_36' title='bbox 88 642 251 722; x_wconf 85' lang='lat' dir='ltr'>tentione,</span> <span class='ocrx_word' id='word_1_37' title='bbox 275 663 337 725; x_wconf 90' lang='lat' dir='ltr'>quo</span> <span class='ocrx_word' id='word_1_38' title='bbox 359 643 452 722; x_wconf 86' lang='lat' dir='ltr'>nixu,</span> <span class='ocrx_word' id='word_1_39' title='bbox 474 642 589 725; x_wconf 87' lang='lat' dir='ltr'>quibus</span> <span class='ocrx_word' id='word_1_40' title='bbox 612 641 801 707; x_wconf 87' lang='lat' dir='ltr'>clamoribus</span> <span class='ocrx_word' id='word_1_41' title='bbox 822 642 1084 726; x_wconf 71' lang='lat' dir='ltr'>expostulatum</span> 
     </span>
     <span class='ocr_line' id='line_1_7' title="bbox 91 726 1057 809; baseline 0.002 -21"><span class='ocrx_word' id='word_1_42' title='bbox 91 727 205 789; x_wconf 87' lang='lat' dir='ltr'>estne</span> <span class='ocrx_word' id='word_1_43' title='bbox 227 726 359 789; x_wconf 83' lang='lat' dir='ltr'>affectus</span> <span class='ocrx_word' id='word_1_44' title='bbox 381 731 524 807; x_wconf 88' lang='lat' dir='ltr'>nostros,</span> <span class='ocrx_word' id='word_1_45' title='bbox 557 747 598 789; x_wconf 92' lang='lat' dir='ltr'>nc</span> <span class='ocrx_word' id='word_1_46' title='bbox 621 730 677 790; x_wconf 89' lang='lat' dir='ltr'>tua</span> <span class='ocrx_word' id='word_1_47' title='bbox 699 727 812 791; x_wconf 88' lang='lat' dir='ltr'>merita</span> <span class='ocrx_word' id='word_1_48' title='bbox 834 727 1057 809; x_wconf 88' lang='lat' dir='ltr'>supprimeres,</span> 
     </span>
     <span class='ocr_line' id='line_1_8' title="bbox 91 810 1060 894; baseline 0.002 -21"><span class='ocrx_word' id='word_1_49' title='bbox 91 810 231 892; x_wconf 89' lang='lat' dir='ltr'>denique</span> <span class='ocrx_word' id='word_1_50' title='bbox 253 813 289 873; x_wconf 92' lang='lat' dir='ltr'>ut</span> <span class='ocrx_word' id='word_1_51' title='bbox 311 810 345 873; x_wconf 90' lang='lat' dir='ltr'>in</span> <span class='ocrx_word' id='word_1_52' title='bbox 366 815 527 892; x_wconf 88' lang='lat' dir='ltr'>posterum</span> <span class='ocrx_word' id='word_1_53' title='bbox 549 811 694 893; x_wconf 86' lang='lat' dir='ltr'>exemplo</span> <span class='ocrx_word' id='word_1_54' title='bbox 712 811 909 894; x_wconf 88' lang='lat' dir='ltr'>prouideres!</span> <span class='ocrx_word' id='word_1_55' title='bbox 934 811 1060 875; x_wconf 79' lang='lat' dir='ltr'>discant</span> 
     </span>
     <span class='ocr_line' id='line_1_9' title="bbox 88 894 1059 979; baseline 0.001 -22"><span class='ocrx_word' id='word_1_56' title='bbox 88 895 126 957; x_wconf 86' lang='lat' dir='ltr'>et</span> <span class='ocrx_word' id='word_1_57' title='bbox 144 894 307 977; x_wconf 84' lang='lat' dir='ltr'>principes</span> <span class='ocrx_word' id='word_1_58' title='bbox 327 894 573 958; x_wconf 68' lang='lat' dir='ltr'>acclamationes</span> <span class='ocrx_word' id='word_1_59' title='bbox 595 917 685 958; x_wconf 89' lang='lat' dir='ltr'>ueras</span> <span class='ocrx_word' id='word_1_60' title='bbox 700 895 861 979; x_wconf 87' lang='lat' dir='ltr'>falsasque</span> <span class='ocrx_word' id='word_1_61' title='bbox 879 895 1059 960; x_wconf 86' lang='lat' dir='ltr'>discernere</span> 
     </span>
     <span class='ocr_line' id='line_1_10' title="bbox 90 977 1057 1125; baseline 0.003 -84"><span class='ocrx_word' id='word_1_62' title='bbox 90 977 296 1061; x_wconf 69' lang='lat' dir='ltr'>habeantque</span> <span class='ocrx_word' id='word_1_63' title='bbox 322 979 461 1042; x_wconf 88' lang='lat' dir='ltr'>muneris</span> <span class='ocrx_word' id='word_1_64' title='bbox 483 979 531 1042; x_wconf 87' lang='lat' dir='ltr'>tui</span> <span class='ocrx_word' id='word_1_65' title='bbox 554 978 638 1125; x_wconf 67' lang='lat' dir='ltr'>qud</span> <span class='ocrx_word' id='word_1_66' title='bbox 663 979 727 1042; x_wconf 89' lang='lat' dir='ltr'>iam</span> <span class='ocrx_word' id='word_1_67' title='bbox 751 980 856 1063; x_wconf 88' lang='lat' dir='ltr'>decipi</span> <span class='ocrx_word' id='word_1_68' title='bbox 882 1001 948 1043; x_wconf 91' lang='lat' dir='ltr'>non</span> <span class='ocrx_word' id='word_1_69' title='bbox 969 983 1057 1064; x_wconf 90' lang='lat' dir='ltr'>pote·</span> 
     </span>
     <span class='ocr_line' id='line_1_11' title="bbox 92 1061 1096 1146; baseline -0.003 -21"><span class='ocrx_word' id='word_1_70' title='bbox 92 1066 180 1125; x_wconf 86' lang='lat' dir='ltr'>runt.</span> <span class='ocrx_word' id='word_1_71' title='bbox 225 1082 291 1126; x_wconf 90' lang='lat' dir='ltr'>non</span> <span class='ocrx_word' id='word_1_72' title='bbox 312 1061 535 1126; x_wconf 88' lang='lat' dir='ltr'>instruendum</span> <span class='ocrx_word' id='word_1_73' title='bbox 557 1062 619 1126; x_wconf 90' lang='lat' dir='ltr'>ilis</span> <span class='ocrx_word' id='word_1_74' title='bbox 642 1064 703 1127; x_wconf 88' lang='lat' dir='ltr'>iter</span> <span class='ocrx_word' id='word_1_75' title='bbox 726 1064 765 1127; x_wconf 89' lang='lat' dir='ltr'>ad</span> <span class='ocrx_word' id='word_1_76' title='bbox 787 1065 905 1128; x_wconf 89' lang='lat' dir='ltr'>bonam</span> <span class='ocrx_word' id='word_1_77' title='bbox 926 1063 1096 1146; x_wconf 84' lang='lat' dir='ltr'>famam,1u</span> 
     </span>
     <span class='ocr_line' id='line_1_12' title="bbox 91 1146 1058 1230; baseline 0.002 -21"><span class='ocrx_word' id='word_1_78' title='bbox 91 1146 149 1209; x_wconf 86' lang='lat' dir='ltr'>sed</span> <span class='ocrx_word' id='word_1_79' title='bbox 171 1167 238 1209; x_wconf 92' lang='lat' dir='ltr'>non</span> <span class='ocrx_word' id='word_1_80' title='bbox 259 1146 478 1229; x_wconf 86' lang='lat' dir='ltr'>deserendum,</span> <span class='ocrx_word' id='word_1_81' title='bbox 502 1168 569 1211; x_wconf 91' lang='lat' dir='ltr'>non</span> <span class='ocrx_word' id='word_1_82' title='bbox 591 1148 810 1212; x_wconf 87' lang='lat' dir='ltr'>submouenda</span> <span class='ocrx_word' id='word_1_83' title='bbox 832 1147 981 1230; x_wconf 88' lang='lat' dir='ltr'>adulatio,</span> <span class='ocrx_word' id='word_1_84' title='bbox 1003 1147 1058 1211; x_wconf 89' lang='lat' dir='ltr'>sed</span> 
     </span>
     <span class='ocr_line' id='line_1_13' title="bbox 92 1230 1059 1314; baseline 0.001 -21"><span class='ocrx_word' id='word_1_85' title='bbox 92 1252 161 1293; x_wconf 91' lang='lat' dir='ltr'>non</span> <span class='ocrx_word' id='word_1_86' title='bbox 188 1230 367 1294; x_wconf 87' lang='lat' dir='ltr'>reducenda</span> <span class='ocrx_word' id='word_1_87' title='bbox 395 1234 453 1295; x_wconf 88' lang='lat' dir='ltr'>est.</span> <span class='ocrx_word' id='word_1_88' title='bbox 499 1235 621 1296; x_wconf 87' lang='lat' dir='ltr'>certum</span> <span class='ocrx_word' id='word_1_89' title='bbox 650 1235 698 1295; x_wconf 88' lang='lat' dir='ltr'>est</span> <span class='ocrx_word' id='word_1_90' title='bbox 724 1235 757 1295; x_wconf 86' lang='lat' dir='ltr'>et</span> <span class='ocrx_word' id='word_1_91' title='bbox 784 1254 864 1314; x_wconf 92' lang='lat' dir='ltr'>quae</span> <span class='ocrx_word' id='word_1_92' title='bbox 892 1230 998 1294; x_wconf 87' lang='lat' dir='ltr'>facere</span> <span class='ocrx_word' id='word_1_93' title='bbox 1027 1235 1059 1295; x_wconf 86' lang='lat' dir='ltr'>et</span> 
     </span>
     <span class='ocr_line' id='line_1_14' title="bbox 90 1315 1057 1398; baseline -0.001 -20"><span class='ocrx_word' id='word_1_94' title='bbox 90 1335 175 1398; x_wconf 85' lang='lat' dir='ltr'>quae</span> <span class='ocrx_word' id='word_1_95' title='bbox 204 1315 341 1379; x_wconf 87' lang='lat' dir='ltr'>debeant</span> <span class='ocrx_word' id='word_1_96' title='bbox 369 1316 495 1397; x_wconf 90' lang='lat' dir='ltr'>audire,</span> <span class='ocrx_word' id='word_1_97' title='bbox 530 1315 557 1379; x_wconf 88' lang='lat' dir='ltr'>si</span> <span class='ocrx_word' id='word_1_98' title='bbox 586 1315 717 1379; x_wconf 86' lang='lat' dir='ltr'>faciant.</span> <span class='ocrx_word' id='word_1_99' title='bbox 767 1315 842 1398; x_wconf 90' lang='lat' dir='ltr'>quid</span> <span class='ocrx_word' id='word_1_100' title='bbox 875 1336 963 1377; x_wconf 91' lang='lat' dir='ltr'>nunc</span> <span class='ocrx_word' id='word_1_101' title='bbox 997 1336 1057 1398; x_wconf 83' lang='lat' dir='ltr'>ego</span> 
     </span>
     <span class='ocr_line' id='line_1_15' title="bbox 92 1402 1057 1483; baseline -0.001 -21"><span class='ocrx_word' id='word_1_102' title='bbox 92 1419 190 1481; x_wconf 89' lang='lat' dir='ltr'>super</span> <span class='ocrx_word' id='word_1_103' title='bbox 218 1421 255 1462; x_wconf 85' lang='lat' dir='ltr'>ea</span> <span class='ocrx_word' id='word_1_104' title='bbox 280 1421 361 1483; x_wconf 90' lang='lat' dir='ltr'>quae</span> <span class='ocrx_word' id='word_1_105' title='bbox 389 1422 459 1464; x_wconf 89' lang='lat' dir='ltr'>sum</span> <span class='ocrx_word' id='word_1_106' title='bbox 488 1421 560 1464; x_wconf 90' lang='lat' dir='ltr'>cum</span> <span class='ocrx_word' id='word_1_107' title='bbox 587 1402 655 1462; x_wconf 89' lang='lat' dir='ltr'>toto</span> <span class='ocrx_word' id='word_1_108' title='bbox 684 1403 797 1462; x_wconf 87' lang='lat' dir='ltr'>senatu</span> <span class='ocrx_word' id='word_1_109' title='bbox 824 1402 972 1481; x_wconf 84' lang='lat' dir='ltr'>precatus</span> <span class='ocrx_word' id='word_1_110' title='bbox 999 1419 1057 1480; x_wconf 91' lang='lat' dir='ltr'>pro</span> 
     </span>
     <span class='ocr_line' id='line_1_16' title="bbox 93 1483 1097 1567; baseline -0.006 -20"><span class='ocrx_word' id='word_1_111' title='bbox 93 1485 208 1547; x_wconf 89' lang='lat' dir='ltr'>senatu</span> <span class='ocrx_word' id='word_1_112' title='bbox 233 1505 358 1566; x_wconf 87' lang='lat' dir='ltr'>precer,</span> <span class='ocrx_word' id='word_1_113' title='bbox 388 1484 451 1548; x_wconf 91' lang='lat' dir='ltr'>nisi</span> <span class='ocrx_word' id='word_1_114' title='bbox 478 1487 514 1547; x_wconf 89' lang='lat' dir='ltr'>ut</span> <span class='ocrx_word' id='word_1_115' title='bbox 534 1483 665 1547; x_wconf 84' lang='lat' dir='ltr'>haereat</span> <span class='ocrx_word' id='word_1_116' title='bbox 692 1483 800 1546; x_wconf 87' lang='lat' dir='ltr'>animo</span> <span class='ocrx_word' id='word_1_117' title='bbox 827 1486 884 1548; x_wconf 86' lang='lat' dir='ltr'>tuo</span> <span class='ocrx_word' id='word_1_118' title='bbox 906 1483 1058 1567; x_wconf 78' lang='lat' dir='ltr'>gaudium</span> <span class='ocrx_word' id='word_1_119' title='bbox 1073 1503 1097 1542; x_wconf 77' lang='lat' dir='ltr'>n</span> 
     </span>
     <span class='ocr_line' id='line_1_17' title="bbox 92 1567 1059 1651; baseline 0 -21"><span class='ocrx_word' id='word_1_120' title='bbox 92 1567 179 1650; x_wconf 89' lang='lat' dir='ltr'>quod</span> <span class='ocrx_word' id='word_1_121' title='bbox 193 1571 272 1631; x_wconf 88' lang='lat' dir='ltr'>tunc</span> <span class='ocrx_word' id='word_1_122' title='bbox 288 1567 386 1631; x_wconf 89' lang='lat' dir='ltr'>oculis</span> <span class='ocrx_word' id='word_1_123' title='bbox 401 1567 572 1651; x_wconf 84' lang='lat' dir='ltr'>protulisti,</span> <span class='ocrx_word' id='word_1_124' title='bbox 596 1589 683 1632; x_wconf 87' lang='lat' dir='ltr'>ames</span> <span class='ocrx_word' id='word_1_125' title='bbox 698 1567 788 1632; x_wconf 91' lang='lat' dir='ltr'>illum</span> <span class='ocrx_word' id='word_1_126' title='bbox 803 1567 886 1632; x_wconf 92' lang='lat' dir='ltr'>diem</span> <span class='ocrx_word' id='word_1_127' title='bbox 904 1571 1059 1631; x_wconf 89' lang='lat' dir='ltr'>ettamen</span> 
     </span>
     <span class='ocr_line' id='line_1_18' title="bbox 93 1651 1058 1735; baseline 0 -21"><span class='ocrx_word' id='word_1_128' title='bbox 93 1653 220 1729; x_wconf 89' lang='lat' dir='ltr'>uineas,</span> <span class='ocrx_word' id='word_1_129' title='bbox 249 1673 335 1715; x_wconf 89' lang='lat' dir='ltr'>noua</span> <span class='ocrx_word' id='word_1_130' title='bbox 361 1652 526 1735; x_wconf 88' lang='lat' dir='ltr'>merearis,</span> <span class='ocrx_word' id='word_1_131' title='bbox 555 1673 641 1716; x_wconf 87' lang='lat' dir='ltr'>noua</span> <span class='ocrx_word' id='word_1_132' title='bbox 663 1652 796 1716; x_wconf 75' lang='lat' dir='ltr'>audias?</span> <span class='ocrx_word' id='word_1_133' title='bbox 842 1651 951 1716; x_wconf 87' lang='lat' dir='ltr'>eadem</span> <span class='ocrx_word' id='word_1_134' title='bbox 974 1651 1058 1716; x_wconf 89' lang='lat' dir='ltr'>cuim</span> 
     </span>
     <span class='ocr_line' id='line_1_19' title="bbox 91 1735 844 1820; baseline 0.001 -21"><span class='ocrx_word' id='word_1_135' title='bbox 91 1735 158 1799; x_wconf 90' lang='lat' dir='ltr'>dici</span> <span class='ocrx_word' id='word_1_136' title='bbox 180 1735 242 1799; x_wconf 90' lang='lat' dir='ltr'>nisi</span> <span class='ocrx_word' id='word_1_137' title='bbox 265 1735 352 1802; x_wconf 86' lang='lat' dir='ltr'>facta</span> <span class='ocrx_word' id='word_1_138' title='bbox 372 1757 459 1801; x_wconf 75' lang='lat' dir='ltr'>oona</span> <span class='ocrx_word' id='word_1_139' title='bbox 481 1742 591 1802; x_wconf 75' lang='lat' dir='ltr'>assuat</span> <span class='ocrx_word' id='word_1_140' title='bbox 611 1758 677 1801; x_wconf 91' lang='lat' dir='ltr'>non</span> <span class='ocrx_word' id='word_1_141' title='bbox 698 1739 844 1820; x_wconf 89' lang='lat' dir='ltr'>possunt.</span> 
     </span>
    </p>

    <p class='ocr_par' dir='ltr' id='par_1_3' title="bbox 91 1819 1098 2830">
     <span class='ocr_line' id='line_1_20' title="bbox 158 1819 1059 1906; baseline 0 -24"><span class='ocrx_word' id='word_1_142' title='bbox 158 1819 304 1885; x_wconf 87' lang='lat' dir='ltr'>LXXVI.</span> <span class='ocrx_word' id='word_1_143' title='bbox 353 1820 421 1884; x_wconf 90' lang='lat' dir='ltr'>Iam</span> <span class='ocrx_word' id='word_1_144' title='bbox 444 1843 539 1906; x_wconf 90' lang='lat' dir='ltr'>quam</span> <span class='ocrx_word' id='word_1_145' title='bbox 560 1821 742 1904; x_wconf 86' lang='lat' dir='ltr'>antiquum,</span> <span class='ocrx_word' id='word_1_146' title='bbox 776 1842 871 1905; x_wconf 86' lang='lat' dir='ltr'>quam</span> <span class='ocrx_word' id='word_1_147' title='bbox 893 1820 1059 1885; x_wconf 89' lang='lat' dir='ltr'>consulare</span> 
     </span>
     <span class='ocr_line' id='line_1_21' title="bbox 92 1904 1097 1989; baseline 0 -23"><span class='ocrx_word' id='word_1_148' title='bbox 92 1904 178 1987; x_wconf 88' lang='lat' dir='ltr'>quod</span> <span class='ocrx_word' id='word_1_149' title='bbox 200 1904 340 1968; x_wconf 89' lang='lat' dir='ltr'>triduum</span> <span class='ocrx_word' id='word_1_150' title='bbox 362 1908 467 1969; x_wconf 90' lang='lat' dir='ltr'>totum</span> <span class='ocrx_word' id='word_1_151' title='bbox 494 1909 624 1969; x_wconf 86' lang='lat' dir='ltr'>senatus</span> <span class='ocrx_word' id='word_1_152' title='bbox 646 1906 705 1969; x_wconf 88' lang='lat' dir='ltr'>sub</span> <span class='ocrx_word' id='word_1_153' title='bbox 728 1905 873 1989; x_wconf 85' lang='lat' dir='ltr'>exemplo</span> <span class='ocrx_word' id='word_1_154' title='bbox 894 1905 942 1969; x_wconf 88' lang='lat' dir='ltr'>tui</span> <span class='ocrx_word' id='word_1_155' title='bbox 964 1904 1057 1987; x_wconf 82' lang='lat' dir='ltr'>sedit,</span> <span class='ocrx_word' id='word_1_156' title='bbox 1072 1927 1097 1966; x_wconf 76' lang='lat' dir='ltr'>ao</span> 
     </span>
     <span class='ocr_line' id='line_1_22' title="bbox 91 1988 1059 2074; baseline 0.002 -23"><span class='ocrx_word' id='word_1_157' title='bbox 91 2009 167 2052; x_wconf 90' lang='lat' dir='ltr'>cum</span> <span class='ocrx_word' id='word_1_158' title='bbox 193 1988 316 2052; x_wconf 86' lang='lat' dir='ltr'>interea</span> <span class='ocrx_word' id='word_1_159' title='bbox 342 1988 425 2053; x_wconf 91' lang='lat' dir='ltr'>nihil</span> <span class='ocrx_word' id='word_1_160' title='bbox 446 1993 574 2073; x_wconf 89' lang='lat' dir='ltr'>praeter</span> <span class='ocrx_word' id='word_1_161' title='bbox 600 1990 763 2054; x_wconf 88' lang='lat' dir='ltr'>consulem</span> <span class='ocrx_word' id='word_1_162' title='bbox 791 1992 917 2074; x_wconf 81' lang='lat' dir='ltr'>ageres!</span> <span class='ocrx_word' id='word_1_163' title='bbox 962 1992 1059 2054; x_wconf 88' lang='lat' dir='ltr'>inter·</span> 
     </span>
     <span class='ocr_line' id='line_1_23' title="bbox 94 2073 1058 2158; baseline 0.002 -24"><span class='ocrx_word' id='word_1_164' title='bbox 94 2075 227 2156; x_wconf 81' lang='lat' dir='ltr'>rogatus</span> <span class='ocrx_word' id='word_1_165' title='bbox 249 2073 355 2136; x_wconf 86' lang='lat' dir='ltr'>orauit</span> <span class='ocrx_word' id='word_1_166' title='bbox 369 2073 502 2157; x_wconf 90' lang='lat' dir='ltr'>quisque</span> <span class='ocrx_word' id='word_1_167' title='bbox 517 2074 600 2158; x_wconf 90' lang='lat' dir='ltr'>quod</span> <span class='ocrx_word' id='word_1_168' title='bbox 616 2074 754 2157; x_wconf 89' lang='lat' dir='ltr'>placuit:</span> <span class='ocrx_word' id='word_1_169' title='bbox 778 2076 866 2139; x_wconf 79' lang='lat' dir='ltr'>licuit</span> <span class='ocrx_word' id='word_1_170' title='bbox 880 2074 1058 2151; x_wconf 85' lang='lat' dir='ltr'>dissentire,</span> 
     </span>
     <span class='ocr_line' id='line_1_24' title="bbox 96 2155 1058 2240; baseline -0.001 -21"><span class='ocrx_word' id='word_1_171' title='bbox 96 2155 255 2221; x_wconf 87' lang='lat' dir='ltr'>discedere</span> <span class='ocrx_word' id='word_1_172' title='bbox 284 2159 316 2220; x_wconf 88' lang='lat' dir='ltr'>et</span> <span class='ocrx_word' id='word_1_173' title='bbox 338 2158 463 2240; x_wconf 88' lang='lat' dir='ltr'>copiam</span> <span class='ocrx_word' id='word_1_174' title='bbox 485 2158 596 2222; x_wconf 89' lang='lat' dir='ltr'>iudicii</span> <span class='ocrx_word' id='word_1_175' title='bbox 624 2158 672 2222; x_wconf 87' lang='lat' dir='ltr'>sui</span> <span class='ocrx_word' id='word_1_176' title='bbox 701 2158 747 2221; x_wconf 89' lang='lat' dir='ltr'>rei</span> <span class='ocrx_word' id='word_1_177' title='bbox 769 2158 915 2240; x_wconf 89' lang='lat' dir='ltr'>publicae</span> <span class='ocrx_word' id='word_1_178' title='bbox 936 2156 1058 2220; x_wconf 88' lang='lat' dir='ltr'>facere:</span> 
     </span>
     <span class='ocr_line' id='line_1_25' title="bbox 95 2239 1059 2325; baseline -0.002 -22"><span class='ocrx_word' id='word_1_179' title='bbox 95 2241 235 2304; x_wconf 91' lang='lat' dir='ltr'>consulti</span> <span class='ocrx_word' id='word_1_180' title='bbox 256 2262 367 2305; x_wconf 89' lang='lat' dir='ltr'>omnes</span> <span class='ocrx_word' id='word_1_181' title='bbox 388 2244 482 2325; x_wconf 87' lang='lat' dir='ltr'>atque</span> <span class='ocrx_word' id='word_1_182' title='bbox 503 2243 599 2306; x_wconf 89' lang='lat' dir='ltr'>etiam</span> <span class='ocrx_word' id='word_1_183' title='bbox 614 2241 807 2305; x_wconf 90' lang='lat' dir='ltr'>dinumerati</span> <span class='ocrx_word' id='word_1_184' title='bbox 826 2261 944 2321; x_wconf 88' lang='lat' dir='ltr'>sumus,</span> <span class='ocrx_word' id='word_1_185' title='bbox 969 2239 1059 2302; x_wconf 85' lang='lat' dir='ltr'>uicit·</span> 
     </span>
     <span class='ocr_line' id='line_1_26' title="bbox 95 2323 1097 2409; baseline -0.004 -22"><span class='ocrx_word' id='word_1_186' title='bbox 95 2345 158 2406; x_wconf 87' lang='lat' dir='ltr'>que</span> <span class='ocrx_word' id='word_1_187' title='bbox 180 2325 339 2389; x_wconf 86' lang='lat' dir='ltr'>sententia</span> <span class='ocrx_word' id='word_1_188' title='bbox 352 2324 426 2389; x_wconf 82' lang='lat' dir='ltr'>¹non</span> <span class='ocrx_word' id='word_1_189' title='bbox 449 2326 553 2409; x_wconf 90' lang='lat' dir='ltr'>prima</span> <span class='ocrx_word' id='word_1_190' title='bbox 574 2325 630 2389; x_wconf 91' lang='lat' dir='ltr'>sed</span> <span class='ocrx_word' id='word_1_191' title='bbox 652 2324 773 2388; x_wconf 87' lang='lat' dir='ltr'>melior.</span> <span class='ocrx_word' id='word_1_192' title='bbox 817 2327 851 2386; x_wconf 86' lang='lat' dir='ltr'>at</span> <span class='ocrx_word' id='word_1_193' title='bbox 873 2323 943 2406; x_wconf 89' lang='lat' dir='ltr'>quis</span> <span class='ocrx_word' id='word_1_194' title='bbox 965 2327 1097 2386; x_wconf 73' lang='lat' dir='ltr'>anteana</span> 
     </span>
     <span class='ocr_line' id='line_1_27' title="bbox 97 2406 1060 2493; baseline -0.001 -23"><span class='ocrx_word' id='word_1_195' title='bbox 97 2408 194 2490; x_wconf 90' lang='lat' dir='ltr'>loqui,</span> <span class='ocrx_word' id='word_1_196' title='bbox 216 2410 286 2492; x_wconf 90' lang='lat' dir='ltr'>quis</span> <span class='ocrx_word' id='word_1_197' title='bbox 308 2408 432 2473; x_wconf 84' lang='lat' dir='ltr'>hiscere</span> <span class='ocrx_word' id='word_1_198' title='bbox 454 2410 593 2474; x_wconf 89' lang='lat' dir='ltr'>audebat</span> <span class='ocrx_word' id='word_1_199' title='bbox 613 2411 740 2493; x_wconf 87' lang='lat' dir='ltr'>praeter</span> <span class='ocrx_word' id='word_1_200' title='bbox 761 2407 893 2471; x_wconf 89' lang='lat' dir='ltr'>miseros</span> <span class='ocrx_word' id='word_1_201' title='bbox 911 2407 983 2470; x_wconf 86' lang='lat' dir='ltr'>illos</span> <span class='ocrx_word' id='word_1_202' title='bbox 1004 2406 1060 2489; x_wconf 90' lang='lat' dir='ltr'>qui</span> 
     </span>
     <span class='ocr_line' id='line_1_28' title="bbox 95 2490 1058 2576; baseline 0 -21"><span class='ocrx_word' id='word_1_203' title='bbox 95 2492 192 2575; x_wconf 90' lang='lat' dir='ltr'>primi</span> <span class='ocrx_word' id='word_1_204' title='bbox 219 2493 523 2576; x_wconf 77' lang='lat' dir='ltr'>interrogabantur?</span> <span class='ocrx_word' id='word_1_205' title='bbox 569 2493 665 2558; x_wconf 87' lang='lat' dir='ltr'>ceteri</span> <span class='ocrx_word' id='word_1_206' title='bbox 688 2492 815 2576; x_wconf 88' lang='lat' dir='ltr'>quidem</span> <span class='ocrx_word' id='word_1_207' title='bbox 837 2490 932 2556; x_wconf 86' lang='lat' dir='ltr'>defixi</span> <span class='ocrx_word' id='word_1_208' title='bbox 959 2492 992 2555; x_wconf 89' lang='lat' dir='ltr'>et</span> <span class='ocrx_word' id='word_1_209' title='bbox 1013 2498 1058 2555; x_wconf 91' lang='lat' dir='ltr'>at·</span> 
     </span>
     <span class='ocr_line' id='line_1_29' title="bbox 94 2575 1060 2660; baseline -0.001 -20"><span class='ocrx_word' id='word_1_210' title='bbox 94 2577 191 2640; x_wconf 82' lang='lat' dir='ltr'>toniti</span> <span class='ocrx_word' id='word_1_211' title='bbox 212 2578 315 2660; x_wconf 88' lang='lat' dir='ltr'>ipsam</span> <span class='ocrx_word' id='word_1_212' title='bbox 333 2578 422 2642; x_wconf 88' lang='lat' dir='ltr'>illam</span> <span class='ocrx_word' id='word_1_213' title='bbox 439 2583 560 2642; x_wconf 87' lang='lat' dir='ltr'>mutam</span> <span class='ocrx_word' id='word_1_214' title='bbox 581 2600 617 2643; x_wconf 93' lang='lat' dir='ltr'>ac</span> <span class='ocrx_word' id='word_1_215' title='bbox 632 2576 844 2642; x_wconf 83' lang='lat' dir='ltr'>sedentariam</span> <span class='ocrx_word' id='word_1_216' title='bbox 864 2575 1060 2641; x_wconf 87' lang='lat' dir='ltr'>assentiendi</span> 
     </span>
     <span class='ocr_line' id='line_1_30' title="bbox 94 2661 1059 2746; baseline 0 -23"><span class='ocrx_word' id='word_1_217' title='bbox 94 2662 320 2725; x_wconf 88' lang='lat' dir='ltr'>necessitatem</span> <span class='ocrx_word' id='word_1_218' title='bbox 342 2683 404 2745; x_wconf 91' lang='lat' dir='ltr'>quo</span> <span class='ocrx_word' id='word_1_219' title='bbox 427 2685 499 2727; x_wconf 90' lang='lat' dir='ltr'>cum</span> <span class='ocrx_word' id='word_1_220' title='bbox 521 2662 628 2726; x_wconf 90' lang='lat' dir='ltr'>dolore</span> <span class='ocrx_word' id='word_1_221' title='bbox 651 2661 761 2744; x_wconf 87' lang='lat' dir='ltr'>animi,</span> <span class='ocrx_word' id='word_1_222' title='bbox 783 2683 845 2746; x_wconf 89' lang='lat' dir='ltr'>quo</span> <span class='ocrx_word' id='word_1_223' title='bbox 869 2683 941 2725; x_wconf 90' lang='lat' dir='ltr'>curn</span> <span class='ocrx_word' id='word_1_224' title='bbox 958 2661 1059 2724; x_wconf 89' lang='lat' dir='ltr'>totius</span> 
     </span>
     <span class='ocr_line' id='line_1_31' title="bbox 95 2746 1098 2830; baseline -0.003 -22"><span class='ocrx_word' id='word_1_225' title='bbox 95 2746 238 2828; x_wconf 85' lang='lat' dir='ltr'>corporis</span> <span class='ocrx_word' id='word_1_226' title='bbox 260 2746 393 2812; x_wconf 88' lang='lat' dir='ltr'>horrore</span> <span class='ocrx_word' id='word_1_227' title='bbox 414 2746 689 2830; x_wconf 88' lang='lat' dir='ltr'>perpetiebantur!</span> <span class='ocrx_word' id='word_1_228' title='bbox 716 2767 797 2810; x_wconf 91' lang='lat' dir='ltr'>unus</span> <span class='ocrx_word' id='word_1_229' title='bbox 819 2746 965 2829; x_wconf 88' lang='lat' dir='ltr'>solusque</span> <span class='ocrx_word' id='word_1_230' title='bbox 988 2766 1057 2809; x_wconf 90' lang='lat' dir='ltr'>cen·</span> <span class='ocrx_word' id='word_1_231' title='bbox 1073 2765 1098 2804; x_wconf 83' lang='lat' dir='ltr'>eo</span> 
     </span>
    </p>
   </div>
   <div class='ocr_carea' id='block_1_3' title="bbox 98 2901 298 2910">
    <p class='ocr_par' dir='ltr' id='par_1_4' title="bbox 98 2901 298 2910">
     <span class='ocr_line' id='line_1_32' title="bbox 98 2901 298 2910; baseline 0.02 -4"><span class='ocrx_word' id='word_1_232' title='bbox 98 2901 298 2910; x_wconf 74' lang='lat'><strong>——-————-</strong></span> 
     </span>
    </p>
   </div>
   <div class='ocr_carea' id='block_1_4' title="bbox 95 2995 1061 3524">
    <p class='ocr_par' dir='ltr' id='par_1_5' title="bbox 95 2995 1061 3524">
     <span class='ocr_line' id='line_1_33' title="bbox 164 2995 1059 3069; baseline -0.007 -17"><span class='ocrx_word' id='word_1_233' title='bbox 164 3004 180 3052; x_wconf 86' lang='lat'><strong>3</strong></span> <span class='ocrx_word' id='word_1_234' title='bbox 199 3016 247 3052; x_wconf 81' lang='lat' dir='ltr'>eos</span> <span class='ocrx_word' id='word_1_235' title='bbox 264 3003 367 3053; x_wconf 79' lang='lat' dir='ltr'>addidi:</span> <span class='ocrx_word' id='word_1_236' title='bbox 386 3019 433 3052; x_wconf 85' lang='lat' dir='ltr'>om.</span> <span class='ocrx_word' id='word_1_237' title='bbox 445 3005 473 3050; x_wconf 77' lang='lat'>1</span> <span class='ocrx_word' id='word_1_238' title='bbox 487 3001 492 3066; x_wconf 90' lang='grc' dir='ltr'>Ι</span> <span class='ocrx_word' id='word_1_239' title='bbox 508 2997 618 3069; x_wconf 89' lang='lat' dir='ltr'>quibus]</span> <span class='ocrx_word' id='word_1_240' title='bbox 639 3003 702 3065; x_wconf 88' lang='lat' dir='ltr'>quia</span> <span class='ocrx_word' id='word_1_241' title='bbox 718 3001 819 3050; x_wconf 75' lang='lat' dir='ltr'>Kailios</span> <span class='ocrx_word' id='word_1_242' title='bbox 836 2997 845 3065; x_wconf 86' lang='grc' dir='ltr'>ΙΙ</span> <span class='ocrx_word' id='word_1_243' title='bbox 865 3002 896 3050; x_wconf 91' lang='grc'>10</span> <span class='ocrx_word' id='word_1_244' title='bbox 915 2995 960 3063; x_wconf 89' lang='lat' dir='ltr'>ad]</span> <span class='ocrx_word' id='word_1_245' title='bbox 977 2997 1025 3047; x_wconf 89' lang='lat' dir='ltr'>scd</span> <span class='ocrx_word' id='word_1_246' title='bbox 1042 3000 1059 3046; x_wconf 77' lang='lat'><strong>0</strong></span> 
     </span>
     <span class='ocr_line' id='line_1_34' title="bbox 98 3065 1048 3132; baseline -0.003 -16"><span class='ocrx_word' id='word_1_247' title='bbox 98 3065 111 3132; x_wconf 79' lang='grc' dir='ltr'>Η</span> <span class='ocrx_word' id='word_1_248' title='bbox 137 3070 167 3117; x_wconf 90' lang='grc'>11</span> <span class='ocrx_word' id='word_1_249' title='bbox 186 3068 366 3120; x_wconf 84' lang='lat' dir='ltr'>deserendum</span> <span class='ocrx_word' id='word_1_250' title='bbox 383 3071 403 3117; x_wconf 85' lang='lat' dir='ltr'>B</span> <span class='ocrx_word' id='word_1_251' title='bbox 421 3071 467 3122; x_wconf 83' lang='lat' dir='ltr'>W:</span> <span class='ocrx_word' id='word_1_252' title='bbox 492 3069 670 3120; x_wconf 82' lang='lat' dir='ltr'>deserundum</span> <span class='ocrx_word' id='word_1_253' title='bbox 690 3071 707 3117; x_wconf 79' lang='grc'><strong>0</strong></span> <span class='ocrx_word' id='word_1_254' title='bbox 726 3068 747 3115; x_wconf 83' lang='lat' dir='ltr'>V</span> <span class='ocrx_word' id='word_1_255' title='bbox 763 3065 773 3132; x_wconf 77' lang='lat' dir='ltr'>ss</span> <span class='ocrx_word' id='word_1_256' title='bbox 790 3068 822 3117; x_wconf 79' lang='lat'>16</span> <span class='ocrx_word' id='word_1_257' title='bbox 840 3065 998 3132; x_wconf 86' lang='lat' dir='ltr'>praetulisti</span> <span class='ocrx_word' id='word_1_258' title='bbox 1014 3067 1048 3114; x_wconf 81' lang='lat' dir='ltr'>Li</span> 
     </span>
     <span class='ocr_line' id='line_1_35' title="bbox 95 3134 1061 3201; baseline -0.005 -17"><span class='ocrx_word' id='word_1_259' title='bbox 95 3137 210 3191; x_wconf 57' lang='lat' dir='ltr'>niarium</span> <span class='ocrx_word' id='word_1_260' title='bbox 240 3139 321 3186; x_wconf 83' lang='lat' dir='ltr'>malim</span> <span class='ocrx_word' id='word_1_261' title='bbox 344 3136 488 3200; x_wconf 87' lang='lat' dir='ltr'>prodidisti</span> <span class='ocrx_word' id='word_1_262' title='bbox 522 3134 532 3201; x_wconf 74' lang='lat' dir='ltr'>fl</span> <span class='ocrx_word' id='word_1_263' title='bbox 569 3137 600 3186; x_wconf 83' lang='lat'>18</span> <span class='ocrx_word' id='word_1_264' title='bbox 623 3151 694 3186; x_wconf 90' lang='lat' dir='ltr'>noua</span> <span class='ocrx_word' id='word_1_265' title='bbox 715 3140 812 3186; x_wconf 83' lang='lat' dir='ltr'>assunt</span> <span class='ocrx_word' id='word_1_266' title='bbox 834 3136 937 3186; x_wconf 80' lang='lat' dir='ltr'>addidi:</span> <span class='ocrx_word' id='word_1_267' title='bbox 964 3149 1011 3184; x_wconf 83' lang='lat' dir='ltr'>om.</span> <span class='ocrx_word' id='word_1_268' title='bbox 1034 3135 1061 3179; x_wconf 79' lang='grc' dir='ltr'><strong>Μ</strong></span> 
     </span>
     <span class='ocr_line' id='line_1_36' title="bbox 96 3201 1061 3254; baseline -0.005 -2"><span class='ocrx_word' id='word_1_269' title='bbox 96 3204 152 3254; x_wconf 85' lang='lat' dir='ltr'>nisi</span> <span class='ocrx_word' id='word_1_270' title='bbox 176 3203 209 3253; x_wconf 93' lang='lat' dir='ltr'>ob</span> <span class='ocrx_word' id='word_1_271' title='bbox 228 3204 321 3253; x_wconf 84' lang='lat' dir='ltr'>eadem</span> <span class='ocrx_word' id='word_1_272' title='bbox 344 3203 416 3254; x_wconf 82' lang='lat' dir='ltr'>lacta</span> <span class='ocrx_word' id='word_1_273' title='bbox 434 3205 578 3254; x_wconf 73' lang='lat' dir='ltr'>Coronaeus</span> <span class='ocrx_word' id='word_1_274' title='bbox 603 3204 658 3253; x_wconf 87' lang='lat' dir='ltr'>nisi</span> <span class='ocrx_word' id='word_1_275' title='bbox 674 3204 750 3253; x_wconf 83' lang='lat' dir='ltr'>facta</span> <span class='ocrx_word' id='word_1_276' title='bbox 772 3203 829 3253; x_wconf 87' lang='lat' dir='ltr'>siut</span> <span class='ocrx_word' id='word_1_277' title='bbox 850 3201 944 3252; x_wconf 88' lang='lat' dir='ltr'>cadem</span> <span class='ocrx_word' id='word_1_278' title='bbox 961 3201 1061 3249; x_wconf 70' lang='lat' dir='ltr'>Kellios</span> 
     </span>
     <span class='ocr_line' id='line_1_37' title="bbox 96 3268 1060 3335; baseline -0.004 -16"><span class='ocrx_word' id='word_1_279' title='bbox 96 3270 111 3335; x_wconf 81' lang='grc' dir='ltr'>Η</span> <span class='ocrx_word' id='word_1_280' title='bbox 131 3272 165 3321; x_wconf 77' lang='lat'>20</span> <span class='ocrx_word' id='word_1_281' title='bbox 182 3271 225 3320; x_wconf 88' lang='lat' dir='ltr'>tui</span> <span class='ocrx_word' id='word_1_282' title='bbox 242 3273 314 3320; x_wconf 73' lang='lat' dir='ltr'>GW:</span> <span class='ocrx_word' id='word_1_283' title='bbox 335 3278 382 3321; x_wconf 85' lang='lat' dir='ltr'>tuo</span> <span class='ocrx_word' id='word_1_284' title='bbox 400 3272 453 3321; x_wconf 78' lang='lat' dir='ltr'>BV</span> <span class='ocrx_word' id='word_1_285' title='bbox 469 3271 616 3335; x_wconf 85' lang='lat' dir='ltr'>patientiae</span> <span class='ocrx_word' id='word_1_286' title='bbox 635 3277 701 3320; x_wconf 84' lang='lat' dir='ltr'>tuac</span> <span class='ocrx_word' id='word_1_287' title='bbox 716 3271 787 3333; x_wconf 82' lang='lat' dir='ltr'>Cusp.</span> <span class='ocrx_word' id='word_1_288' title='bbox 803 3268 813 3334; x_wconf 84' lang='grc' dir='ltr'>ΙΙ</span> <span class='ocrx_word' id='word_1_289' title='bbox 825 3271 855 3319; x_wconf 76' lang='lat'>21</span> <span class='ocrx_word' id='word_1_290' title='bbox 875 3271 1060 3330; x_wconf 79' lang='lat' dir='ltr'>interrogatus</span> 
     </span>
     <span class='ocr_line' id='line_1_38' title="bbox 95 3335 1060 3403; baseline -0.004 -16"><span class='ocrx_word' id='word_1_291' title='bbox 95 3338 188 3388; x_wconf 83' lang='lat' dir='ltr'>orauit</span> <span class='ocrx_word' id='word_1_292' title='bbox 204 3341 311 3403; x_wconf 63' lang='lat' dir='ltr'>scripsi:</span> <span class='ocrx_word' id='word_1_293' title='bbox 329 3339 509 3402; x_wconf 79' lang='lat' dir='ltr'>interrogauit</span> <span class='ocrx_word' id='word_1_294' title='bbox 526 3339 553 3386; x_wconf 80' lang='lat'>1</span> <span class='ocrx_word' id='word_1_295' title='bbox 565 3335 575 3403; x_wconf 66' lang='lat' dir='ltr'>fl</span> <span class='ocrx_word' id='word_1_296' title='bbox 588 3340 620 3388; x_wconf 78' lang='lat'>22</span> <span class='ocrx_word' id='word_1_297' title='bbox 638 3338 717 3388; x_wconf 87' lang='lat' dir='ltr'>licuit</span> <span class='ocrx_word' id='word_1_298' title='bbox 734 3339 837 3389; x_wconf 78' lang='lat' dir='ltr'>addidi:</span> <span class='ocrx_word' id='word_1_299' title='bbox 855 3353 901 3387; x_wconf 84' lang='lat' dir='ltr'>cm.</span> <span class='ocrx_word' id='word_1_300' title='bbox 917 3339 945 3385; x_wconf 72' lang='grc' dir='ltr'><strong>Π</strong></span> <span class='ocrx_word' id='word_1_301' title='bbox 960 3336 964 3400; x_wconf 85' lang='grc' dir='ltr'>Ι</span> <span class='ocrx_word' id='word_1_302' title='bbox 979 3336 1060 3384; x_wconf 83' lang='lat' dir='ltr'>inter·-</span> 
     </span>
     <span class='ocr_line' id='line_1_39' title="bbox 96 3398 1059 3472; baseline -0.003 -18"><span class='ocrx_word' id='word_1_303' title='bbox 96 3411 211 3470; x_wconf 81' lang='lat' dir='ltr'>rogatus</span> <span class='ocrx_word' id='word_1_304' title='bbox 230 3407 343 3472; x_wconf 80' lang='lat' dir='ltr'>quisque</span> <span class='ocrx_word' id='word_1_305' title='bbox 362 3422 385 3470; x_wconf 88' lang='lat' dir='ltr'>q.</span> <span class='ocrx_word' id='word_1_306' title='bbox 404 3406 441 3471; x_wconf 91' lang='lat' dir='ltr'>pl.</span> <span class='ocrx_word' id='word_1_307' title='bbox 460 3405 610 3464; x_wconf 56' lang='lat' dir='ltr'>sentiebam</span> <span class='ocrx_word' id='word_1_308' title='bbox 632 3406 710 3455; x_wconf 87' lang='lat' dir='ltr'>licuit</span> <span class='ocrx_word' id='word_1_309' title='bbox 727 3404 793 3455; x_wconf 79' lang='lat' dir='ltr'>diss.</span> <span class='ocrx_word' id='word_1_310' title='bbox 812 3405 912 3453; x_wconf 79' lang='lat' dir='ltr'>Keiliur</span> <span class='ocrx_word' id='word_1_311' title='bbox 935 3400 945 3467; x_wconf 87' lang='grc' dir='ltr'>ΙΙ</span> <span class='ocrx_word' id='word_1_312' title='bbox 968 3403 1001 3452; x_wconf 72' lang='lat'>‘25</span> <span class='ocrx_word' id='word_1_313' title='bbox 1019 3398 1059 3464; x_wconf 77' lang='lat' dir='ltr'>al]</span> 
     </span>
     <span class='ocr_line' id='line_1_40' title="bbox 95 3475 181 3524; baseline -0.012 -1"><span class='ocrx_word' id='word_1_314' title='bbox 95 3475 181 3524; x_wconf 78' lang='lat' dir='ltr'>arrtll</span> 
     </span>
    </p>
   </div>
   <div class='ocr_carea' id='block_1_5' title="bbox 0 0 1155 3780">
    <p class='ocr_par' dir='ltr' id='par_1_6' title="bbox 0 0 1155 3780">
     <span class='ocr_line' id='line_1_41' title="bbox 0 0 1155 3780; baseline 0 0"><span class='ocrx_word' id='word_1_315' title='bbox 0 0 1155 3780; x_wconf 95' lang='lat' dir='ltr'> </span> 
     </span>
    </p>
   </div>
  </div>
 </body>
</html>
