2294 3780
110 176 170 241 186
306 177 381 230 VIII.
411 176 559 229 lacuum
577 175 744 228 GRATIAR.
763 174 874 226 ACTIO

110 350 169 394 cua
191 328 425 392 transmittant.
463 347 501 389 ex
524 346 586 408 quo
608 346 703 408 saepe
726 324 842 388 accidIt
863 326 901 387 ut
923 323 1078 407 obsequia

107 416 219 478 nostra
240 412 333 476 tarda
355 411 436 492 sint,
460 432 533 474 cum
555 431 726 493 paruarum
747 409 878 492 frugum
899 408 994 471 nobis
1017 406 1078 470 dif-

108 498 222 562 ficilior
255 497 297 560 sii
324 495 447 559 euectio
481 516 576 577 quam
610 494 723 557 ceteris
751 493 969 576 plurimarum.
1014 513 1079 576 quo

107 583 227 667 magis,
257 582 447 663 imperator,
475 578 590 662 pietati
611 582 686 641 tuae
707 578 829 663 gratias
852 581 978 661 agimus
1022 577 1079 659 qui

82 688 181 731 scum
209 665 307 729 scires
337 663 517 811 [itinerums]
548 664 717 747 regionum
744 665 926 726 nostrarum
954 624 1080 724 aditum

108 755 201 834 atque
223 752 387 832 aspectum
408 753 476 812 tam
506 748 621 812 oedum
634 751 763 832 tamque
785 767 944 829 asperum,
966 749 1080 809 tamen

107 835 164 898 illo
181 833 348 898 deflectere
372 837 404 896 et
417 834 529 897 urbem
546 832 636 896 illam
659 832 728 896 sola
750 832 820 915 opis
835 835 909 894 tuac
932 833 1080 913 expecta-

107 919 196 982 tione
217 919 379 981 uiucntem
401 917 560 982 illustrare
582 917 733 1001 dignatus
758 938 801 980 cs.
830 915 906 979 boni
921 914 1079 998 principis

109 1005 158 1066 est
179 1002 317 1066 libenter
339 1023 413 1066 suos
436 1002 545 1065 uidere
559 1001 680 1084 felices,
703 1000 758 1065 sed
781 1000 920 1064 melioris
938 999 1079 1063 mulsere

70 1112 96 1151 ιο
109 1088 205 1151 etiam
227 1087 420 1151 laborantes.
465 1086 497 1149 di
519 1085 612 1150 bonit
643 1086 791 1169 quisnam
813 1085 868 1149 illa
890 1088 960 1148 tum
982 1083 1079 1147 nobis

108 1171 215 1236 illuxit
236 1172 302 1236 dies
332 1172 409 1253 (iam
437 1171 522 1234 enim
551 1170 592 1233 ad
613 1169 827 1253 praedicanda
852 1168 992 1232 remedia
1020 1190 1079 1231 nu·

107 1257 204 1320 minis
226 1258 274 1320 tui
298 1256 409 1322 ordine
432 1276 488 1319 suo
510 1255 659 1339 peruenit
682 1255 807 1339 oratio),
830 1257 969 1336 sumtu,
993 1252 1080 1335 quod

107 1342 246 1425 primum
266 1342 361 1406 nobis
382 1341 511 1425 signum
532 1340 644 1403 salutis
660 1339 732 1421 fuit,
756 1341 866 1422 portas
880 1338 974 1401 istius
989 1337 1079 1401 urbis

108 1425 262 1490 intrasti?
297 1447 378 1509 quae
405 1428 439 1488 te
467 1424 578 1488 habitu
605 1424 660 1487 illo
689 1425 725 1487 in
750 1424 856 1487 sinum
883 1423 1017 1487 reducto
1046 1424 1080 1485 et

71 1533 95 1574 1s
108 1510 371 1593 procurrentibus
399 1510 559 1591 utrimque
587 1508 728 1571 turribus
762 1508 911 1591 amplexu
939 1506 1078 1589 quodam

108 1594 300 1658 uidebantur
321 1593 475 1676 accipere.

172 1677 262 1742 VIII.
301 1677 437 1741 Miratus
461 1698 508 1756 es,
532 1677 715 1760 imperator,
738 1675 823 1740 unde
846 1697 880 1739 se
901 1674 962 1738 tibi
984 1678 1079 1739 tanta

109 1762 239 1825 obuiam
268 1761 444 1824 effunderet
473 1761 662 1843 multitudo,
702 1782 773 1824 cum
802 1758 1010 1824 solitudinem
1040 1781 1079 1823 ex

108 1845 217 1909 uicIno
238 1847 347 1908 monte
369 1845 513 1909 uidisses.
538 1866 648 1909 omnes
670 1845 757 1908 enim
777 1866 850 1908 exa
874 1844 918 1907 ris
934 1845 1080 1909 omnium

70 1955 96 1993 ao
110 1932 252 1992 aetatum
283 1928 430 1992 homines
465 1929 718 1993 conuolauerunt
747 1933 782 1993 ut
809 1865 956 1992 uiderent
984 1949 1080 2012 quem

109 2013 313 2097 superstitem
347 2013 409 2077 sibi
437 2014 575 2079 libenter
606 2017 764 2097 optarent.
793 2012 894 2096 *quod
921 2012 1007 2076 enim
1038 2013 1080 2077 ad

107 2098 333 2183 propagandos
361 2098 496 2164 aliorum
525 2099 708 2182 principum
737 2099 803 2162 dies
830 2097 980 2161 sollemni
1006 2118 1078 2161 uer·

107 2183 221 2248 borum
246 2183 368 2248 honore
397 2186 519 2265 oratur,
546 2184 622 2267 tibi,
654 2183 881 2260 Constantine,
910 2180 970 2246 soli
993 2181 1080 2247 ultra

108 2268 250 2333 omnium
277 2272 425 2332 nostrum
449 2269 518 2332 fata
545 2269 669 2333 uicturo
695 2267 797 2332 securi
827 2286 995 2349 uouemus,
1026 2267 1078 2330 oui

69 2355 175 2415 astam
197 2353 296 2437 longa
324 2356 413 2417 aetas
435 2353 565 2437 propria
588 2353 749 2416 debeatur.
795 2372 913 2435 magna
935 2352 984 2414 est
1005 2372 1079 2434 pro·

108 2435 195 2499 fecto
223 2437 272 2500 uis
298 2441 374 2520 post
401 2437 586 2501 diuturnam
612 2436 846 2521 aegritudinem
873 2438 970 2518 atque
993 2456 1079 2498 mae

109 2519 230 2583 stItiam
274 2522 473 2605 surgentium
511 2521 713 2666 gaudiorum.
769 2519 867 2584 caluit
907 2519 943 2582 in
984 2518 1080 2583 nobis

107 2602 193 2666 ultra
219 2604 303 2666 uires
332 2606 457 2667 animus
491 2626 510 2666 a
559 2603 729 2684 laetitiam,
765 2608 798 2668 et
825 2603 962 2687 quodam
989 2624 1080 2686 prae·

109 2688 200 2770 sagio
228 2690 381 2750 uenturae
409 2687 576 2751 felicitatis
605 2687 682 2750 clati
709 2693 738 2752 le
758 2691 849 2752 tanta
878 2687 1081 2752 exultatione

178 2829 191 2875 1
210 2826 381 2876 transmittat
393 2826 492 2874 ΔΒΗ
505 2822 515 2889 11
528 2827 543 2874 2
558 2840 707 2890 paucarum
720 2827 778 2876 edd.
791 2823 830 2890 115
849 2826 980 2876 itinerum
998 2829 1080 2876 secia-

107 2894 141 2942 sit
154 2895 287 2944 Acidalias
299 2894 435 2943 internum
448 2907 507 2957 reg.
521 2909 565 2947 no.
578 2893 703 2944 habitum
716 2893 846 2957 Hauptius
858 2897 875 2943 l.
888 2897 905 2944 l.
920 2892 924 2958 Ι
943 2892 1080 2958 aditumq3

107 2961 130 3007 Δ
148 2958 157 3024 11
175 2963 207 3011 10
226 2961 253 3010 di
272 2957 350 3026 boui]
370 2961 410 3010 DI
428 2961 494 3014 mIn.
512 2960 596 3023 aera,
613 2964 680 3012 unde
698 2960 859 3010 inmortales
875 2961 1021 3018 Licinium·
1039 2961 1082 3011 dii

109 3025 162 3076 mi'n
175 3028 205 3087 Δ,
225 3029 291 3077 unde
309 3027 338 3076 di
356 3028 449 3092 magni
466 3031 548 3078 malim
559 3027 569 3094 11
584 3031 615 3078 12
633 3045 683 3079 suo
701 3029 830 3093 peruenit
841 3029 864 3077 Δ
875 3027 970 3079 Bora:
988 3043 1082 3093 super·

108 3094 304 3144 uenitBGVW
316 3092 326 3159 11
341 3097 371 3145 17
382 3097 452 3146 estA
464 3093 474 3161 11
488 3098 519 3146 19
529 3112 637 3159 omncs3
650 3100 730 3146 malim
741 3097 867 3147 omnibus
879 3094 889 3160 11
902 3097 935 3146 20
946 3099 1081 3156 aetatum]

110 3177 124 3209 s
143 3163 223 3211 tantis
240 3164 263 3212 Δ
277 3162 282 3225 1
299 3162 517 3214 conuolauersnt
529 3164 712 3214 litteratorios
724 3161 734 3229 1
746 3165 778 3213 21
799 3160 864 3230 sibi]
884 3164 907 3214 si
920 3165 943 3213 Δ
958 3160 963 3228 1
980 3163 1015 3213 ad
1033 3179 1082 3215 om.

107 3227 183 3282 Bert.
196 3227 251 3294 1122
269 3229 328 3280 dics
347 3247 392 3284 om.
405 3232 454 3281 sc
471 3237 505 3294 et,
522 3238 549 3281 ut
566 3234 626 3295 nid„
644 3231 718 3282 Beri.
737 3247 824 3282 annos
842 3232 1052 3284 additionum
1074 3229 1078 3295 1

108 3294 263 3347 solennium
279 3297 354 3349 Bert.
368 3296 424 3363 1123
442 3299 544 3349 honore
561 3315 624 3364 epo.-
644 3314 718 3349 more
736 3301 764 3347 Π
779 3297 784 3364 1
800 3305 893 3350 oratur
910 3301 1020 3364 scripsi:
1038 3299 1081 3348 iu·

108 3366 187 3414 ratur
203 3367 231 3413 Ι
249 3370 368 3416 uocetur
385 3367 568 3418 Riteerstasius
585 3365 595 3432 11
613 3369 646 3417 24
664 3368 754 3417 ulctor
771 3368 788 3415 0
805 3363 816 3430 11
837 3368 870 3417 25
889 3365 1046 3418 debenus
1066 3366 1078 3431 11

106 3433 141 3483 28
160 3431 232 3484 uires
250 3432 378 3485 ABerta
395 3435 468 3485 uires
485 3439 595 3486 nostras
612 3431 763 3497 BcVWss
775 3436 808 3484 29
826 3431 911 3500 nent]
933 3435 1044 3486 futuras
1062 3436 1081 3484 0

103 3499 114 3564 1
133 3504 160 3550 tc
170 3509 237 3565 post
255 3501 321 3553 elati
338 3504 440 3563 addidi.
457 3509 519 3569 post
536 3506 616 3553 tauta
634 3504 706 3555 cdd:
726 3518 771 3552 om.
791 3503 817 3549 ΙΙ
