2294 3780
98 171 162 234 222
427 172 460 221 x.
490 169 736 221 1111111111.

97 322 229 386 fortuna
249 322 461 404 promitteret.
504 319 594 401 dolia,
618 319 721 399 credo,
744 317 938 381 existimauit
960 316 1066 401 decipi

98 427 200 489 posse.
245 405 300 469 sed
326 426 392 468 non
426 404 527 466 uirtus
555 406 613 466 tua
641 402 679 466 de
707 401 933 486 congressione
967 423 1066 484 quam

97 490 269 573 prudentia
289 492 337 551 est
358 487 396 550 de
411 486 525 550 fraude
543 488 692 550 securior.
718 487 788 569 quis
811 486 896 549 enim
918 483 959 549 ad
967 506 1067 632 prae·

99 573 300 637 sentiendum
322 570 487 654 sagacior?
510 571 581 653 quis
602 571 790 654 uigilantius
812 569 852 633 ad
873 570 965 633 uitan
988 568 1068 633 um?

72 659 170 740 aquis
202 655 438 738 contemplatur
463 656 646 738 praesentia
678 654 797 737 aerina,
830 658 966 717 uentura
993 675 1066 737 pro-

97 741 203 823 lixius,
227 740 378 823 ambigua
401 741 528 821 certius,
552 738 695 821 captiosa
715 738 866 802 felicius?
898 759 965 801 non
986 737 1066 802 hinc

97 828 204 888 tecum
225 823 372 906 Lynceus
398 823 453 886 ille
482 826 619 887 certaret
646 827 715 906 qui,
743 826 780 885 ut
805 824 919 904 poetae
943 821 1066 906 ferunt,

97 908 258 991 parietum
287 910 379 989 septa
406 910 439 970 11
460 907 611 971 arborum
632 910 762 970 truncos
790 907 861 969 nisu
882 905 976 970 facilc
997 909 1065 968 tra·

98 991 216 1056 iciebat
245 994 301 1055 aut
329 992 424 1055 etiam
450 992 505 1055 ille
532 1012 626 1074 quem
654 991 764 1054 eadem
791 992 934 1053 uetustas
956 990 1066 1054 locuta

61 1079 157 1156 11111,
182 1097 253 1138 cum
274 1075 309 1138 in
324 1074 484 1140 Siciliensi
506 1075 634 1159 specula
656 1075 860 1154 constitisset,
885 1075 1066 1156 conspicari

99 1159 228 1223 solitum
254 1181 353 1223 naues
380 1181 460 1242 quae
487 1159 618 1223 Africae
645 1162 776 1242 portum
804 1158 963 1241 subirent,
992 1179 1065 1222 cum

97 1245 301 1327 prospectum
314 1242 454 1307 hominis
473 1264 540 1306 non
561 1265 615 1306 aer
634 1243 753 1306 offusus
766 1264 860 1325 quem
876 1242 1065 1306 crassiorem

98 1328 234 1391 exalatio
261 1329 357 1390 maris
379 1328 514 1408 faceret,
542 1348 609 1390 non
635 1330 729 1390 tanta
756 1327 990 1391 disiunctarum
1016 1347 1064 1390 11-

98 1413 231 1495 gionum
252 1411 473 1495 longinquitas
494 1411 673 1494 impediret.

59 1515 87 1555 rs
161 1494 235 1558 XII.
269 1494 349 1559 Oum
372 1516 444 1578 spes
466 1496 570 1559 omnis
591 1495 709 1579 frigere
732 1495 877 1559 debuerit
900 1497 932 1558 et
953 1494 1065 1559 uolun-

97 1581 148 1642 tas
177 1578 368 1661 pacificandi
401 1579 541 1642 alienata
568 1579 625 1662 sit,
660 1580 730 1662 quis
758 1579 882 1643 dubitet
909 1579 1066 1643 diuinitus

99 1663 196 1726 armis
212 1663 276 1725 tuis
292 1661 442 1745 deditum,
466 1684 537 1726 cum
560 1684 597 1726 eo
614 1662 792 1727 dementiae
814 1663 1006 1745 processerit
1027 1667 1066 1727 ut

97 1747 182 1808 ultro
206 1747 304 1808 etiam
318 1746 488 1809 lacesseret
502 1767 596 1829 quem
619 1747 741 1810 ambire
762 1746 911 1810 deberet?
935 1768 1066 1830 uquam

99 1849 187 1891 acres
210 1828 355 1892 dolorum
377 1830 503 1893 aculeos
526 1831 636 1911 habes,
664 1831 865 1912 contumelia,
888 1852 984 1913 quam
1005 1832 1066 1894 im-

60 1913 191 1995 soponit
205 1911 352 1975 inferior!
377 1934 449 1976 ecce
465 1914 560 1995 enim,
583 1935 642 1996 pro
657 1914 761 1979 dolor!
786 1915 897 2000 (uerba
918 1915 974 1978 uix
991 1936 1065 1998 sup-

97 1996 238 2080 petunt),
262 1997 515 2061 uenerandarum
537 1998 716 2096 imaginum
739 1999 852 2062 acerba
872 1999 1008 2062 deiectio
1031 2003 1069 2062 et

98 2079 201 2144 diuini
228 2080 335 2144 uultus
362 2081 458 2145 litura
487 2081 645 2146 deformis.
665 2088 708 2146 '0
737 2105 851 2148 manus
879 2083 1012 2165 impiae!
1045 2105 1067 2147 o

97 2170 204 2228 truces
226 2165 324 2229 oculi!
347 2165 393 2229 ita
413 2187 480 2230 non
495 2167 680 2250 caligastis?
701 2167 736 2230 in
752 2188 813 2250 quo
827 2167 936 2231 lumen
950 2166 1066 2230 mundi

98 2249 333 2332 obscurabatis,
362 2251 491 2314 meritas
517 2251 579 2334 ipsi
602 2251 750 2314 tenebras
778 2271 843 2314 non
866 2250 1064 2314 imbibistis?

59 2352 85 2394 25
98 2353 296 2397 commouere
311 2334 450 2415 tandem,
469 2336 596 2399 conscia
610 2336 723 2417 uirtus,
745 2356 806 2399 nec
819 2335 987 2418 permittas
1002 2333 1066 2399 hoc

97 2417 197 2481 furori
220 2418 271 2480 cui
293 2418 331 2481 de
352 2421 384 2481 te
406 2418 492 2482 aliud
514 2439 580 2482 non
602 2419 728 2483 licebat.
756 2418 811 2482 sed
834 2417 910 2500 quid
930 2419 1065 2482 tandem

97 2502 289 2583 assequeris,
314 2522 408 2565 caeca
430 2502 614 2566 dementia?
649 2503 769 2566 aboleri
790 2503 897 2566 uultus
919 2500 973 2566 hic
995 2523 1065 2566 non

96 2585 210 2666 potest.
242 2585 462 2648 uniuersorum
482 2586 663 2667 pectoribus
685 2587 803 2650 infixus
826 2588 876 2650 est
895 2607 956 2650 nec
979 2607 1065 2650 com·

97 2666 300 2731 mendatione
323 2689 412 2731 cerae
434 2689 472 2732 ac
493 2669 730 2751 pigmentorum
751 2670 833 2734 fucis
854 2671 984 2753 renitet,
1007 2670 1064 2734 sed

57 2749 254 2814 aodcsiderio
287 2751 457 2816 efflorescit
489 2754 679 2816 animorum.
723 2776 788 2818 una
821 2754 949 2817 demum
978 2753 1064 2818 Oun-

98 2835 235 2898 stantini
261 2835 379 2899 obliuio
407 2839 456 2900 est
482 2837 614 2900 humani
635 2839 763 2920 generis
791 2859 931 2902 occasus,
975 2858 1064 2925 nunc

100 2990 301 2998 -——--..-—-.

166 3075 279 3123 lmalr'm
297 3078 324 3123 tc
342 3073 433 3137 decipi
461 3073 472 3140 ΙΙ
500 3077 517 3124 4
538 3074 684 3127 uitandum
702 3077 809 3139 scripsi:
832 3075 980 3125 uidendum
997 3076 1027 3123 1
1053 3072 1064 3140 ll

97 3140 113 3190 6
131 3140 375 3204 contemplatorii
396 3138 406 3205 ΙΙ
427 3143 442 3189 7
460 3142 583 3192 lincheus
600 3143 628 3190 11
648 3139 658 3206 ΙΙ
679 3144 711 3191 12
730 3142 883 3204 1111111111,
901 3158 969 3195 corr.
988 3143 1062 3192 Liui-

96 3209 168 3256 neius
191 3205 201 3271 ΙΙ
226 3209 257 3258 13
277 3207 406 3258 exaltatio
425 3207 476 3274 W!
496 3215 576 3259 tanta
593 3224 622 3275 ςε
641 3216 747 3258 tantum
763 3210 790 3256 11
810 3215 866 3259 tam
883 3209 969 3259 Liuia.
994 3207 1005 3274 ΙΙ
1031 3212 1062 3260 1⁷

97 3274 235 3324 dementia
252 3276 274 3322 Δ
291 3275 312 3322 Β
330 3275 386 3323 Η
411 3272 421 3339 ΙΙ
445 3277 477 3326 18
495 3277 576 3325 etiam
594 3279 643 3326 del.
661 3290 687 3325 w
716 3273 726 3340 ΙΙ
756 3279 787 3326 19
805 3276 891 3326 habet
908 3278 931 3325 V
950 3276 954 3340 Ι
974 3276 1065 3327 habes

93 3349 154 3406 post
173 3340 285 3392 aculcos
303 3344 325 3391 Δ
342 3342 425 3404 Bere,
441 3351 502 3407 port
519 3328 603 3394 habes
621 3344 749 3392 Bcvw
765 3351 863 3407 puniant
879 3340 889 3409 ΙΙ
909 3346 942 3393 21
960 3345 1064 3394 acerba

96 3423 134 3459 w:
152 3423 253 3459 acarna
270 3412 297 3458 11
320 3407 330 3473 ΙΙ
353 3411 386 3460 27
404 3410 449 3460 hic
467 3410 561 3461 uultus
579 3413 596 3461 1
617 3409 627 3476 ΙΙ
650 3413 683 3461 29
702 3408 748 3477 ac]
769 3417 818 3461 aut
836 3412 895 3461 edd.
917 3408 927 3476 ΙΙ
950 3415 983 3462 31
1004 3408 1061 3477 ast]

97 3482 172 3528 esset
189 3477 397 3542 Eyssenhardtus
