2294 3780
260 150 474 202 0111111111
490 150 602 201 norro
620 151 783 203 rubiano.
801 156 876 203 4-7.
988 149 1051 213 249

81 298 195 362 florem
218 298 359 381 corporis
381 298 579 380 peremisset.
625 302 660 361 at
681 299 716 362 in
737 300 910 364 uirtutibus
932 301 1051 383 princi·

81 382 133 465 pis
161 383 266 446 nostri
294 385 415 465 quanto
444 385 530 447 aetas
558 383 726 466 prolixior,
754 387 845 448 tanto
872 383 1051 466 pulcritudo

81 466 308 550 praestantior.

147 549 204 615 VI.
233 548 329 613 Mitto
351 553 500 614 cunctam
516 551 696 614 barbariam
719 553 870 616 aduersus
892 552 1052 616 uindicem

82 635 246 701 Romanae
272 634 432 698 libertatis
466 636 501 698 in
532 656 621 697 arma
656 642 848 701 commotam
877 643 1077 735 gentesques

82 740 196 783 recens
214 719 317 783 uictus
339 719 508 782 aduersum
528 720 639 803 iugum
661 743 765 805 nuper
780 722 964 805 impositum
987 742 1052 784 cer-

83 804 156 868 uice
177 803 273 867 dubia
295 806 500 867 contumaces
524 808 556 868 et
577 804 612 866 in
633 804 812 870 rediuiuum
834 807 976 870 furorem
998 826 1053 868 ne·

82 887 192 953 fandis
214 887 352 951 stimulis
375 889 540 952 excitatas.
568 910 649 972 quae
671 891 779 954 omnia
801 891 998 954 obstinatam
1021 894 1053 952 et

82 972 280 1036 immobilem
306 972 461 1056 principis
489 974 620 1036 maximi
642 974 772 1037 tandem
802 976 907 1039 uicere
929 975 1053 1058 patien-

82 1057 175 1121 tiam.
221 1058 329 1141 itaque
363 1078 435 1120 omn
472 1058 506 1120 in
539 1058 609 1141 ipso
646 1058 809 1122 molimine
843 1060 1054 1143 oppressisset
1067 1078 1092 1115 10

83 1142 312 1205 Alamanniam
342 1142 567 1224 rebellantem,
600 1143 655 1225 qui
682 1144 776 1225 paulo
806 1147 881 1206 ante
908 1142 1052 1207 inaudita

82 1226 253 1310 regionum
267 1225 437 1289 fluuiorum
457 1228 615 1289 montium
631 1229 763 1290 nomina
778 1229 917 1290 exercitu
932 1227 1053 1290 uictore

82 1313 329 1394 peragrauerat,
366 1332 423 1394 per
454 1310 567 1374 ultima
594 1311 733 1375 ferarum
763 1313 908 1395 gentium
941 1331 1052 1394 regna,

83 1394 209 1458 calcata
230 1415 343 1478 regum
369 1395 474 1477 capita
496 1396 718 1477 superuolans,
748 1398 781 1458 in
805 1396 910 1459 medio
932 1394 1053 1478 lllyrici

83 1478 160 1543 sinu
181 1479 371 1562 improuisus
394 1480 552 1562 apparuit.
584 1481 722 1544 uidimus
745 1480 853 1544 felices
876 1480 960 1543 illius
982 1479 1053 1542 uiae
1067 1496 1091 1535 1⁵

83 1563 219 1627 comites
241 1566 414 1646 stupentes,
433 1563 563 1645 urbium
581 1565 717 1647 populos
740 1564 902 1629 dubitasse
926 1564 1054 1628 credere

83 1667 168 1731 quae
204 1647 367 1711 uidebant.
418 1669 484 1711 non
520 1648 614 1711 aliter
657 1653 879 1713 consternatas
917 1649 1053 1712 arbitror

82 1734 201 1816 gentes
223 1753 303 1815 quae
318 1732 439 1815 primae
454 1732 578 1814 lapsum
595 1734 682 1796 caelo
698 1755 850 1817 excepere
864 1733 1052 1798 Palladium.

84 1816 231 1900 uirgines
247 1816 348 1899 pueri,
372 1819 439 1880 uiri
453 1815 602 1899 feminae,
625 1820 778 1882 tremulae
801 1840 891 1901 anus,
913 1819 1054 1883 tituban-

83 1904 136 1964 tes
159 1920 251 1963 senes
272 1921 340 1964 non
355 1901 424 1963 sine
439 1922 556 1985 magno
579 1905 710 1968 attoniti
725 1904 857 1969 11011011
880 1904 1054 1968 cernebant
1066 1923 1092 1961 so

84 1984 310 2068 imperatorem
341 1986 472 2069 longam
505 1987 591 2049 uiam
624 1989 683 2051 sub
710 1990 859 2072 grauium
894 2009 1054 2052 armorum

86 2089 183 2133 onere
211 2072 406 2151 currentem,
436 2072 639 2153 properantis
662 2073 839 2135 anhelitum
867 2073 936 2135 sine
959 2092 1055 2133 sensu

86 2152 285 2217 lassitudinis
318 2154 526 2236 crebriorem,
564 2155 714 2218 sudorum
748 2156 836 2218 riuos
869 2177 926 2238 per
957 2153 1055 2215 fortia

87 2238 169 2303 colla
196 2241 364 2302 manantes
393 2241 426 2301 et
452 2240 536 2302 inter
563 2239 654 2301 illum
675 2240 816 2322 pulueris
844 2240 898 2321 qui
920 2237 1054 2301 barbam

87 2326 120 2387 et
155 2322 307 2405 capillum
344 2327 494 2386 onerarat
529 2323 693 2386 horrorem
733 2324 887 2388 micantia
924 2321 1054 2384 sidereis
1068 2338 1092 2377 ss·

86 2407 217 2491 ignibus
232 2408 363 2470 lumina.
393 2428 489 2470 uoces
508 2408 719 2491 gaudentium
741 2409 944 2491 oppresserat
960 2404 1054 2468 mira·

87 2491 152 2555 culi
171 2490 369 2574 magnitude.
399 2491 567 2555 cessabant
582 2492 689 2557 officia
705 2491 857 2556 laudandi
872 2493 943 2575 plus
960 2512 1055 2574 quam

87 2575 250 2639 laudanda
272 2575 488 2639 cernentibus.

151 2658 224 2723 VII.
269 2658 420 2723 Sufficere
448 2661 576 2742 quidem
602 2666 729 2744 poterat
756 2661 796 2724 ad
819 2660 1055 2745 expeditionem

85 2742 303 2827 praesentium
337 2744 539 2828 negotiorum
571 2747 638 2808 sola
665 2746 849 2829 properatio
855 2796 864 2828 ,
902 2745 956 2808 sed
989 2765 1055 2805 non
1068 2761 1094 2801 so

155 3001 172 3049 4
190 2998 308 3051 barbara
324 3000 346 3048 A
364 2998 374 3064 ΙΙ
392 3001 407 3048 6
426 3014 524 3049 recens
542 3000 633 3049 uictae
647 3002 774 3064 harpias:
792 3000 962 3048 recensuitas
973 2998 1055 3047 ABV

85 3066 163 3119 Bert.
181 3068 333 3117 recensitas
351 3069 368 3115 0
386 3068 554 3117 reccnssitas
572 3080 597 3114 w
616 3064 621 3130 Ι
641 3073 669 3117 et
687 3064 831 3116 aduersum
848 3069 888 3127 13
908 3072 936 3117 ct
953 3067 993 3116 bic
1011 3068 1055 3116 de-

85 3135 144 3185 leui.
176 3135 225 3184 sed
244 3134 306 3184 adu.
325 3136 456 3184 Liuineius
485 3132 495 3198 ss
526 3138 540 3184 ‘1
564 3140 592 3185 et
610 3136 764 3199 inscripsi:
791 3135 820 3183 in
837 3137 865 3182 u
893 3132 904 3199 ΙΙ
935 3137 966 3184 10
987 3133 1055 3183 inA

85 3202 178 3251 Beria
196 3217 242 3252 ona.
260 3203 281 3250 B
299 3205 316 3251 0
334 3203 356 3249 V
373 3202 406 3249 W
427 3198 437 3265 11
459 3203 491 3252 15
509 3204 573 3251 sinn
589 3203 624 3251 A:
644 3203 720 3251 sinus
739 3202 759 3249 B
777 3204 794 3250 0
812 3202 834 3248 V
852 3203 885 3250 W
904 3202 909 3266 Ι
930 3203 991 3251 uiae
1011 3217 1055 3250 eo-

85 3269 168 3319 mites
185 3271 208 3317 A
225 3268 314 3319 Βενε..Ι
341 3271 456 3318 comites
479 3270 541 3318 uiae
563 3269 710 3318 BGVW
738 3268 748 3333 ΙΙ
780 3272 811 3320 18
833 3272 939 3333 primae
962 3270 1054 3332 Cusp:

86 3338 175 3402 primo
186 3338 214 3384 li
233 3336 418 3402 prolapsumg
435 3334 445 3400 ΙΙ
463 3338 494 3385 19
512 3337 567 3386 uiri
584 3339 688 3387 addidi:
707 3353 753 3387 om.
765 3338 793 3383 u
809 3334 819 3401 [1
836 3340 869 3386 ⁸22
888 3351 971 3386 sensu
982 3335 1004 3383 A
1017 3348 1053 3382 w:

85 3419 167 3455 sessu
184 3412 243 3455 cett.
261 3402 272 3469 ΙΙ
292 3407 325 3454 26
344 3403 469 3453 miraculi
489 3420 535 3454 0111.
555 3404 577 3452 A
594 3403 604 3470 11
625 3406 658 3454 29
677 3408 787 3469 poterut
805 3420 851 3455 om.
870 3407 896 3467 0,
916 3405 981 3451 rende
1000 3402 1054 3451 suf·

85 3472 185 3523 ficeret
201 3474 259 3523 edd.
