<?xml version="1.0" encoding="UTF-8"?>
<!DOCTYPE html PUBLIC "-//W3C//DTD XHTML 1.0 Transitional//EN"
    "http://www.w3.org/TR/xhtml1/DTD/xhtml1-transitional.dtd">
<html xmlns="http://www.w3.org/1999/xhtml" xml:lang="en" lang="en">
 <head>
  <title>
</title>
<meta http-equiv="Content-Type" content="text/html;charset=utf-8" />
  <meta name='ocr-system' content='tesseract 3.04.00' />
  <meta name='ocr-capabilities' content='ocr_page ocr_carea ocr_par ocr_line ocrx_word'/>
</head>
<body>
  <div class='ocr_page' id='page_1' title='image "./xiipanegyricila00baehgoog_0023.png"; bbox 0 0 2294 3780; ppageno 0'>
   <div class='ocr_carea' id='block_1_1' title="bbox 71 190 666 242">
    <p class='ocr_par' dir='ltr' id='par_1_1' title="bbox 71 190 666 242">
     <span class='ocr_line' id='line_1_1' title="bbox 71 190 666 242; baseline 0.005 -3"><span class='ocrx_word' id='word_1_1' title='bbox 71 190 138 240; x_wconf 88' lang='lat' dir='ltr'>XVI</span> <span class='ocrx_word' id='word_1_2' title='bbox 452 191 666 242; x_wconf 76' lang='lat' dir='ltr'><strong>PRAEFATIO.</strong></span> 
     </span>
    </p>
   </div>
   <div class='ocr_carea' id='block_1_2' title="bbox 52 343 1042 3196">
    <p class='ocr_par' dir='ltr' id='par_1_2' title="bbox 71 343 1042 759">
     <span class='ocr_line' id='line_1_2' title="bbox 72 343 1041 423; baseline 0.004 -21"><span class='ocrx_word' id='word_1_3' title='bbox 72 343 223 423; x_wconf 83' lang='lat' dir='ltr'>graphum</span> <span class='ocrx_word' id='word_1_4' title='bbox 249 343 321 403; x_wconf 89' lang='lat' dir='ltr'><strong>libri</strong></span> <span class='ocrx_word' id='word_1_5' title='bbox 351 343 391 405; x_wconf 95' lang='lat' dir='ltr'>W</span> <span class='ocrx_word' id='word_1_6' title='bbox 418 344 603 404; x_wconf 89' lang='lat' dir='ltr'>simillimum</span> <span class='ocrx_word' id='word_1_7' title='bbox 631 345 775 405; x_wconf 87' lang='lat' dir='ltr'>inuenire</span> <span class='ocrx_word' id='word_1_8' title='bbox 805 343 889 422; x_wconf 88' lang='lat' dir='ltr'>(nam</span> <span class='ocrx_word' id='word_1_9' title='bbox 917 348 1041 406; x_wconf 87' lang='lat' dir='ltr'>tertium</span> 
     </span>
     <span class='ocr_line' id='line_1_3' title="bbox 72 428 1041 509; baseline 0.002 -21"><span class='ocrx_word' id='word_1_10' title='bbox 72 430 234 507; x_wconf 76' lang='lat' dir='ltr'>archetypi</span> <span class='ocrx_word' id='word_1_11' title='bbox 248 428 282 488; x_wconf 78' lang='grc' dir='ltr'><strong>Μ</strong></span> <span class='ocrx_word' id='word_1_12' title='bbox 304 429 463 507; x_wconf 80' lang='lat' dir='ltr'>exemplar</span> <span class='ocrx_word' id='word_1_13' title='bbox 484 428 669 488; x_wconf 88' lang='lat' dir='ltr'>inueniendi</span> <span class='ocrx_word' id='word_1_14' title='bbox 691 449 763 509; x_wconf 90' lang='lat' dir='ltr'>spes</span> <span class='ocrx_word' id='word_1_15' title='bbox 785 429 930 490; x_wconf 88' lang='lat' dir='ltr'>blandior</span> <span class='ocrx_word' id='word_1_16' title='bbox 950 450 1041 509; x_wconf 90' lang='lat' dir='ltr'>quam</span> 
     </span>
     <span class='ocr_line' id='line_1_4' title="bbox 72 509 1040 594; baseline 0.003 -22"><span class='ocrx_word' id='word_1_17' title='bbox 72 514 183 573; x_wconf 80' lang='lat' dir='ltr'><strong>certior</strong></span> <span class='ocrx_word' id='word_1_18' title='bbox 199 509 308 592; x_wconf 76' lang='lat' dir='ltr'>est*)),</span> <span class='ocrx_word' id='word_1_19' title='bbox 332 514 358 572; x_wconf 92' lang='lat' dir='ltr'>is</span> <span class='ocrx_word' id='word_1_20' title='bbox 373 511 501 572; x_wconf 88' lang='lat' dir='ltr'>abiectis</span> <span class='ocrx_word' id='word_1_21' title='bbox 515 513 541 572; x_wconf 85' lang='lat' dir='ltr'>B</span> <span class='ocrx_word' id='word_1_22' title='bbox 555 512 577 574; x_wconf 83' lang='lat'><strong>0</strong></span> <span class='ocrx_word' id='word_1_23' title='bbox 590 513 619 571; x_wconf 84' lang='lat' dir='ltr'><strong>V</strong></span> <span class='ocrx_word' id='word_1_24' title='bbox 633 513 844 594; x_wconf 81' lang='lat' dir='ltr'>similibusque</span> <span class='ocrx_word' id='word_1_25' title='bbox 864 516 926 573; x_wconf 91' lang='lat' dir='ltr'>iam</span> <span class='ocrx_word' id='word_1_26' title='bbox 945 516 1040 575; x_wconf 91' lang='lat' dir='ltr'>multo</span> 
     </span>
     <span class='ocr_line' id='line_1_5' title="bbox 71 597 1042 679; baseline 0.002 -23"><span class='ocrx_word' id='word_1_27' title='bbox 71 598 230 675; x_wconf 90' lang='lat' dir='ltr'>multoque</span> <span class='ocrx_word' id='word_1_28' title='bbox 258 598 370 656; x_wconf 85' lang='lat' dir='ltr'>certius</span> <span class='ocrx_word' id='word_1_29' title='bbox 399 597 514 676; x_wconf 90' lang='lat' dir='ltr'>ubique</span> <span class='ocrx_word' id='word_1_30' title='bbox 544 599 641 677; x_wconf 89' lang='lat' dir='ltr'>ipsius</span> <span class='ocrx_word' id='word_1_31' title='bbox 668 598 702 657; x_wconf 75' lang='grc' dir='ltr'><strong>Μ</strong></span> <span class='ocrx_word' id='word_1_32' title='bbox 734 599 900 677; x_wconf 86' lang='lat' dir='ltr'>scripturas</span> <span class='ocrx_word' id='word_1_33' title='bbox 928 601 1042 679; x_wconf 87' lang='lat' dir='ltr'>poterit</span> 
     </span>
     <span class='ocr_line' id='line_1_6' title="bbox 72 680 296 759; baseline 0 -19"><span class='ocrx_word' id='word_1_34' title='bbox 72 680 296 759; x_wconf 82' lang='lat' dir='ltr'>redintegrare.</span> 
     </span>
    </p>

    <p class='ocr_par' dir='ltr' id='par_1_3' title="bbox 136 764 1040 845">
     <span class='ocr_line' id='line_1_7' title="bbox 136 764 1040 845; baseline 0.002 -21"><span class='ocrx_word' id='word_1_35' title='bbox 136 764 312 844; x_wconf 80' lang='lat' dir='ltr'>Scripturas</span> <span class='ocrx_word' id='word_1_36' title='bbox 341 766 550 825; x_wconf 86' lang='lat' dir='ltr'>diuersitatem</span> <span class='ocrx_word' id='word_1_37' title='bbox 578 786 616 826; x_wconf 82' lang='lat' dir='ltr'>ex</span> <span class='ocrx_word' id='word_1_38' title='bbox 643 764 671 825; x_wconf 97' lang='lat' dir='ltr'>A</span> <span class='ocrx_word' id='word_1_39' title='bbox 699 774 729 825; x_wconf 88' lang='lat' dir='ltr'>et</span> <span class='ocrx_word' id='word_1_40' title='bbox 750 765 790 826; x_wconf 98' lang='lat' dir='ltr'>W</span> <span class='ocrx_word' id='word_1_41' title='bbox 817 767 947 845; x_wconf 82' lang='lat' dir='ltr'>adposui</span> <span class='ocrx_word' id='word_1_42' title='bbox 975 767 1040 826; x_wconf 85' lang='lat' dir='ltr'>fere</span> 
     </span>
    </p>

    <p class='ocr_par' dir='ltr' id='par_1_4' title="bbox 52 849 1041 2674">
     <span class='ocr_line' id='line_1_8' title="bbox 71 849 1041 929; baseline 0.002 -21"><span class='ocrx_word' id='word_1_43' title='bbox 71 869 193 909; x_wconf 88' lang='lat' dir='ltr'>omnem</span> <span class='ocrx_word' id='word_1_44' title='bbox 224 851 435 910; x_wconf 83' lang='lat' dir='ltr'>minutissimis</span> <span class='ocrx_word' id='word_1_45' title='bbox 464 849 649 929; x_wconf 89' lang='lat' dir='ltr'>quibusdam</span> <span class='ocrx_word' id='word_1_46' title='bbox 681 851 810 910; x_wconf 86' lang='lat' dir='ltr'>omissis.</span> <span class='ocrx_word' id='word_1_47' title='bbox 862 851 901 910; x_wconf 88' lang='lat' dir='ltr'>de</span> <span class='ocrx_word' id='word_1_48' title='bbox 928 850 949 911; x_wconf 71' lang='lat' dir='ltr'>(l</span> <span class='ocrx_word' id='word_1_49' title='bbox 978 852 1041 910; x_wconf 91' lang='lat' dir='ltr'>iam</span> 
     </span>
     <span class='ocr_line' id='line_1_9' title="bbox 70 932 1039 1013; baseline 0.001 -21"><span class='ocrx_word' id='word_1_50' title='bbox 70 953 163 1012; x_wconf 85' lang='lat' dir='ltr'>supra</span> <span class='ocrx_word' id='word_1_51' title='bbox 185 933 260 993; x_wconf 85' lang='lat' dir='ltr'>dixi.</span> <span class='ocrx_word' id='word_1_52' title='bbox 303 933 328 992; x_wconf 88' lang='lat' dir='ltr'>B</span> <span class='ocrx_word' id='word_1_53' title='bbox 349 932 377 992; x_wconf 83' lang='lat' dir='ltr'>V</span> <span class='ocrx_word' id='word_1_54' title='bbox 399 932 546 994; x_wconf 89' lang='lat' dir='ltr'>librorum</span> <span class='ocrx_word' id='word_1_55' title='bbox 568 933 642 994; x_wconf 89' lang='lat' dir='ltr'>inde</span> <span class='ocrx_word' id='word_1_56' title='bbox 667 954 686 993; x_wconf 90' lang='lat' dir='ltr'>a</span> <span class='ocrx_word' id='word_1_57' title='bbox 707 954 780 1013; x_wconf 88' lang='lat' dir='ltr'>pan.</span> <span class='ocrx_word' id='word_1_58' title='bbox 803 935 838 993; x_wconf 93' lang='lat' dir='ltr'>Il</span> <span class='ocrx_word' id='word_1_59' title='bbox 859 935 1039 1012; x_wconf 87' lang='lat' dir='ltr'>plerumque</span> 
     </span>
     <span class='ocr_line' id='line_1_10' title="bbox 69 1017 1040 1098; baseline 0.002 -22"><span class='ocrx_word' id='word_1_60' title='bbox 69 1017 220 1077; x_wconf 88' lang='lat' dir='ltr'>lectiones</span> <span class='ocrx_word' id='word_1_61' title='bbox 249 1019 478 1078; x_wconf 86' lang='lat' dir='ltr'>consentientes</span> <span class='ocrx_word' id='word_1_62' title='bbox 507 1018 595 1092; x_wconf 82' lang='lat' dir='ltr'>dedi,</span> <span class='ocrx_word' id='word_1_63' title='bbox 626 1037 694 1077; x_wconf 85' lang='lat' dir='ltr'>curn</span> <span class='ocrx_word' id='word_1_64' title='bbox 721 1019 901 1097; x_wconf 81' lang='lat' dir='ltr'>praesertim</span> <span class='ocrx_word' id='word_1_65' title='bbox 921 1017 947 1076; x_wconf 86' lang='lat' dir='ltr'>B</span> <span class='ocrx_word' id='word_1_66' title='bbox 971 1039 1040 1098; x_wconf 90' lang='lat' dir='ltr'>pro-</span> 
     </span>
     <span class='ocr_line' id='line_1_11' title="bbox 70 1102 1039 1181; baseline 0.002 -22"><span class='ocrx_word' id='word_1_67' title='bbox 70 1103 145 1180; x_wconf 89' lang='lat' dir='ltr'>priis</span> <span class='ocrx_word' id='word_1_68' title='bbox 173 1102 257 1161; x_wconf 86' lang='lat' dir='ltr'>uitiis</span> <span class='ocrx_word' id='word_1_69' title='bbox 284 1103 422 1181; x_wconf 88' lang='lat' dir='ltr'>plurimis</span> <span class='ocrx_word' id='word_1_70' title='bbox 453 1104 560 1181; x_wconf 88' lang='lat' dir='ltr'>eisque</span> <span class='ocrx_word' id='word_1_71' title='bbox 591 1102 632 1161; x_wconf 90' lang='lat' dir='ltr'>ad</span> <span class='ocrx_word' id='word_1_72' title='bbox 659 1121 724 1161; x_wconf 90' lang='lat' dir='ltr'>rem</span> <span class='ocrx_word' id='word_1_73' title='bbox 753 1103 887 1162; x_wconf 87' lang='lat' dir='ltr'>criticam</span> <span class='ocrx_word' id='word_1_74' title='bbox 915 1122 1039 1181; x_wconf 89' lang='lat' dir='ltr'>prorsus</span> 
     </span>
     <span class='ocr_line' id='line_1_12' title="bbox 70 1184 1040 1247; baseline 0.001 -3"><span class='ocrx_word' id='word_1_75' title='bbox 70 1185 150 1245; x_wconf 92' lang='lat' dir='ltr'>nihil</span> <span class='ocrx_word' id='word_1_76' title='bbox 176 1184 351 1246; x_wconf 86' lang='lat' dir='ltr'>ualentibus</span> <span class='ocrx_word' id='word_1_77' title='bbox 379 1193 506 1246; x_wconf 80' lang='lat' dir='ltr'>scateat.</span> <span class='ocrx_word' id='word_1_78' title='bbox 551 1188 583 1245; x_wconf 91' lang='lat' dir='ltr'>in</span> <span class='ocrx_word' id='word_1_79' title='bbox 605 1184 708 1246; x_wconf 89' lang='lat' dir='ltr'>uerbis</span> <span class='ocrx_word' id='word_1_80' title='bbox 736 1185 907 1247; x_wconf 84' lang='lat' dir='ltr'>scribendis</span> <span class='ocrx_word' id='word_1_81' title='bbox 933 1187 1040 1247; x_wconf 88' lang='lat' dir='ltr'>itidem</span> 
     </span>
     <span class='ocr_line' id='line_1_13' title="bbox 70 1269 1038 1348; baseline 0.001 -19"><span class='ocrx_word' id='word_1_82' title='bbox 70 1269 97 1329; x_wconf 94' lang='lat' dir='ltr'>A</span> <span class='ocrx_word' id='word_1_83' title='bbox 119 1270 249 1330; x_wconf 86' lang='lat' dir='ltr'>maxime</span> <span class='ocrx_word' id='word_1_84' title='bbox 272 1278 302 1330; x_wconf 86' lang='lat' dir='ltr'>et</span> <span class='ocrx_word' id='word_1_85' title='bbox 322 1270 362 1331; x_wconf 93' lang='lat' dir='ltr'>W</span> <span class='ocrx_word' id='word_1_86' title='bbox 389 1279 510 1330; x_wconf 90' lang='lat' dir='ltr'>secutus</span> <span class='ocrx_word' id='word_1_87' title='bbox 538 1290 605 1330; x_wconf 85' lang='lat' dir='ltr'>sum</span> <span class='ocrx_word' id='word_1_88' title='bbox 632 1290 730 1348; x_wconf 91' lang='lat' dir='ltr'>usque</span> <span class='ocrx_word' id='word_1_89' title='bbox 757 1269 836 1330; x_wconf 85' lang='lat' dir='ltr'>adeo</span> <span class='ocrx_word' id='word_1_90' title='bbox 861 1278 896 1330; x_wconf 91' lang='lat' dir='ltr'>ut</span> <span class='ocrx_word' id='word_1_91' title='bbox 918 1272 969 1330; x_wconf 88' lang='lat' dir='ltr'>uel</span> <span class='ocrx_word' id='word_1_92' title='bbox 992 1273 1038 1330; x_wconf 90' lang='lat' dir='ltr'>in-</span> 
     </span>
     <span class='ocr_line' id='line_1_14' title="bbox 70 1353 1036 1434; baseline 0 -21"><span class='ocrx_word' id='word_1_93' title='bbox 70 1354 289 1433; x_wconf 80' lang='lat' dir='ltr'>aequalitatem</span> <span class='ocrx_word' id='word_1_94' title='bbox 311 1375 375 1414; x_wconf 91' lang='lat' dir='ltr'>non</span> <span class='ocrx_word' id='word_1_95' title='bbox 391 1356 544 1432; x_wconf 82' lang='lat' dir='ltr'>fugerem3</span> <span class='ocrx_word' id='word_1_96' title='bbox 568 1355 667 1416; x_wconf 90' lang='lat' dir='ltr'>ueluti</span> <span class='ocrx_word' id='word_1_97' title='bbox 682 1354 729 1414; x_wconf 87' lang='lat' dir='ltr'>bis</span> <span class='ocrx_word' id='word_1_98' title='bbox 753 1375 791 1414; x_wconf 83' lang='lat' dir='ltr'>ex</span> <span class='ocrx_word' id='word_1_99' title='bbox 804 1353 833 1414; x_wconf 95' lang='lat' dir='ltr'>A</span> <span class='ocrx_word' id='word_1_100' title='bbox 848 1356 1036 1434; x_wconf 82' lang='lat' dir='ltr'>‘reciperari&#39;</span> 
     </span>
     <span class='ocr_line' id='line_1_15' title="bbox 70 1439 1036 1518; baseline 0.002 -22"><span class='ocrx_word' id='word_1_101' title='bbox 70 1439 199 1497; x_wconf 86' lang='lat' dir='ltr'>formam</span> <span class='ocrx_word' id='word_1_102' title='bbox 225 1440 342 1516; x_wconf 88' lang='lat' dir='ltr'>recepi,</span> <span class='ocrx_word' id='word_1_103' title='bbox 371 1460 439 1498; x_wconf 91' lang='lat' dir='ltr'>cum</span> <span class='ocrx_word' id='word_1_104' title='bbox 461 1440 555 1499; x_wconf 88' lang='lat' dir='ltr'>multo</span> <span class='ocrx_word' id='word_1_105' title='bbox 579 1439 718 1518; x_wconf 88' lang='lat' dir='ltr'>pluribus</span> <span class='ocrx_word' id='word_1_106' title='bbox 740 1440 815 1498; x_wconf 85' lang='lat' dir='ltr'>locis</span> <span class='ocrx_word' id='word_1_107' title='bbox 839 1441 1036 1518; x_wconf 77' lang='lat' dir='ltr'>‘recuperari’</span> 
     </span>
     <span class='ocr_line' id='line_1_16' title="bbox 69 1522 1039 1601; baseline 0.002 -21"><span class='ocrx_word' id='word_1_108' title='bbox 69 1522 122 1581; x_wconf 92' lang='lat' dir='ltr'>illc</span> <span class='ocrx_word' id='word_1_109' title='bbox 150 1542 213 1581; x_wconf 89' lang='lat' dir='ltr'>una</span> <span class='ocrx_word' id='word_1_110' title='bbox 242 1543 309 1581; x_wconf 86' lang='lat' dir='ltr'>curn</span> <span class='ocrx_word' id='word_1_111' title='bbox 337 1523 465 1600; x_wconf 89' lang='lat' dir='ltr'>reliquis</span> <span class='ocrx_word' id='word_1_112' title='bbox 493 1522 650 1601; x_wconf 88' lang='lat' dir='ltr'>praebeat.</span> <span class='ocrx_word' id='word_1_113' title='bbox 698 1524 803 1601; x_wconf 85' lang='lat' dir='ltr'>itaque</span> <span class='ocrx_word' id='word_1_114' title='bbox 831 1523 942 1595; x_wconf 76' lang='lat' dir='ltr'>uelim,·</span> <span class='ocrx_word' id='word_1_115' title='bbox 971 1522 1039 1583; x_wconf 91' lang='lat' dir='ltr'>nbi·</span> 
     </span>
     <span class='ocr_line' id='line_1_17' title="bbox 71 1604 1038 1684; baseline 0.002 -20"><span class='ocrx_word' id='word_1_116' title='bbox 71 1624 199 1684; x_wconf 89' lang='lat' dir='ltr'>cumque</span> <span class='ocrx_word' id='word_1_117' title='bbox 222 1604 261 1665; x_wconf 87' lang='lat' dir='ltr'>de</span> <span class='ocrx_word' id='word_1_118' title='bbox 284 1608 436 1684; x_wconf 88' lang='lat' dir='ltr'>scriptura</span> <span class='ocrx_word' id='word_1_119' title='bbox 456 1605 621 1664; x_wconf 89' lang='lat' dir='ltr'>uerborum</span> <span class='ocrx_word' id='word_1_120' title='bbox 644 1606 689 1663; x_wconf 92' lang='lat' dir='ltr'>nil</span> <span class='ocrx_word' id='word_1_121' title='bbox 712 1606 893 1666; x_wconf 85' lang='lat' dir='ltr'>adnotatum</span> <span class='ocrx_word' id='word_1_122' title='bbox 916 1617 974 1680; x_wconf 84' lang='lat' dir='ltr'>est,</span> <span class='ocrx_word' id='word_1_123' title='bbox 1005 1609 1038 1666; x_wconf 91' lang='lat' dir='ltr'>iu</span> 
     </span>
     <span class='ocr_line' id='line_1_18' title="bbox 69 1689 1038 1769; baseline 0.003 -22"><span class='ocrx_word' id='word_1_124' title='bbox 69 1691 248 1748; x_wconf 87' lang='lat' dir='ltr'>uniuersum</span> <span class='ocrx_word' id='word_1_125' title='bbox 269 1689 393 1769; x_wconf 89' lang='lat' dir='ltr'>quidem</span> <span class='ocrx_word' id='word_1_126' title='bbox 416 1698 592 1750; x_wconf 85' lang='lat' dir='ltr'>contextum</span> <span class='ocrx_word' id='word_1_127' title='bbox 611 1690 731 1749; x_wconf 87' lang='lat' dir='ltr'>cedices</span> <span class='ocrx_word' id='word_1_128' title='bbox 754 1692 836 1769; x_wconf 91' lang='lat' dir='ltr'>ipsos</span> <span class='ocrx_word' id='word_1_129' title='bbox 859 1712 1038 1769; x_wconf 85' lang='lat' dir='ltr'>repraesen-</span> 
     </span>
     <span class='ocr_line' id='line_1_19' title="bbox 69 1773 1037 1852; baseline 0.003 -20"><span class='ocrx_word' id='word_1_130' title='bbox 69 1781 136 1833; x_wconf 91' lang='lat' dir='ltr'>tare</span> <span class='ocrx_word' id='word_1_131' title='bbox 159 1781 248 1851; x_wconf 91' lang='lat' dir='ltr'>putes</span> <span class='ocrx_word' id='word_1_132' title='bbox 272 1773 383 1850; x_wconf 85' lang='lat' dir='ltr'>(ueluti</span> <span class='ocrx_word' id='word_1_133' title='bbox 405 1774 564 1852; x_wconf 87' lang='lat' dir='ltr'>pan.131</span> <span class='ocrx_word' id='word_1_134' title='bbox 590 1773 799 1852; x_wconf 73' lang='lat' dir='ltr'>‘percrebuit&#39;‚</span> <span class='ocrx_word' id='word_1_135' title='bbox 823 1777 906 1852; x_wconf 91' lang='lat' dir='ltr'>quod</span> <span class='ocrx_word' id='word_1_136' title='bbox 926 1795 1037 1835; x_wconf 88' lang='lat' dir='ltr'>moneo</span> 
     </span>
     <span class='ocr_line' id='line_1_20' title="bbox 69 1856 1037 1937; baseline 0.002 -21"><span class='ocrx_word' id='word_1_137' title='bbox 69 1866 196 1936; x_wconf 88' lang='lat' dir='ltr'>propter</span> <span class='ocrx_word' id='word_1_138' title='bbox 204 1858 428 1918; x_wconf 88' lang='lat' dir='ltr'>Buechelerum</span> <span class='ocrx_word' id='word_1_139' title='bbox 440 1860 472 1917; x_wconf 87' lang='lat' dir='ltr'>in</span> <span class='ocrx_word' id='word_1_140' title='bbox 484 1858 682 1917; x_wconf 82' lang='lat' dir='ltr'>Fleckeiseni</span> <span class='ocrx_word' id='word_1_141' title='bbox 694 1859 797 1917; x_wconf 87' lang='lat' dir='ltr'>annal.</span> <span class='ocrx_word' id='word_1_142' title='bbox 812 1861 892 1918; x_wconf 80' lang='lat'>1872</span> <span class='ocrx_word' id='word_1_143' title='bbox 905 1880 936 1937; x_wconf 87' lang='lat' dir='ltr'>p.</span> <span class='ocrx_word' id='word_1_144' title='bbox 946 1856 1037 1934; x_wconf 86' lang='lat'>115);</span> 
     </span>
     <span class='ocr_line' id='line_1_21' title="bbox 70 1942 1037 2020; baseline 0.001 -19"><span class='ocrx_word' id='word_1_145' title='bbox 70 1960 254 2020; x_wconf 86' lang='lat' dir='ltr'>quamquam</span> <span class='ocrx_word' id='word_1_146' title='bbox 269 1962 391 2003; x_wconf 88' lang='lat' dir='ltr'>omnem</span> <span class='ocrx_word' id='word_1_147' title='bbox 401 1942 543 2002; x_wconf 88' lang='lat' dir='ltr'>lectionis</span> <span class='ocrx_word' id='word_1_148' title='bbox 557 1944 738 2002; x_wconf 84' lang='lat' dir='ltr'>uarietatem</span> <span class='ocrx_word' id='word_1_149' title='bbox 754 1943 920 2003; x_wconf 83' lang='lat' dir='ltr'>admoram</span> <span class='ocrx_word' id='word_1_150' title='bbox 937 1944 1037 2002; x_wconf 88' lang='lat' dir='ltr'>ortho-</span> 
     </span>
     <span class='ocr_line' id='line_1_22' title="bbox 70 2025 1037 2106; baseline 0.001 -21"><span class='ocrx_word' id='word_1_151' title='bbox 70 2026 230 2105; x_wconf 86' lang='lat' dir='ltr'>graphiam</span> <span class='ocrx_word' id='word_1_152' title='bbox 251 2035 442 2106; x_wconf 82' lang='lat' dir='ltr'>spectantem</span> <span class='ocrx_word' id='word_1_153' title='bbox 468 2025 590 2087; x_wconf 86' lang='lat' dir='ltr'>adferre</span> <span class='ocrx_word' id='word_1_154' title='bbox 613 2047 721 2105; x_wconf 90' lang='lat' dir='ltr'>parum</span> <span class='ocrx_word' id='word_1_155' title='bbox 742 2028 899 2100; x_wconf 88' lang='lat' dir='ltr'>utilitatis,</span> <span class='ocrx_word' id='word_1_156' title='bbox 928 2035 1037 2106; x_wconf 89' lang='lat' dir='ltr'>utpote</span> 
     </span>
     <span class='ocr_line' id='line_1_23' title="bbox 52 2105 1038 2189; baseline 0.003 -21"><span class='ocrx_word' id='word_1_157' title='bbox 52 2105 103 2168; x_wconf 68' lang='lat' dir='ltr'>&#39;in</span> <span class='ocrx_word' id='word_1_158' title='bbox 130 2110 217 2170; x_wconf 89' lang='lat' dir='ltr'>libris</span> <span class='ocrx_word' id='word_1_159' title='bbox 245 2112 360 2171; x_wconf 88' lang='lat' dir='ltr'>saeculi</span> <span class='ocrx_word' id='word_1_160' title='bbox 385 2112 456 2184; x_wconf 90' lang='lat' dir='ltr'>XV,</span> <span class='ocrx_word' id='word_1_161' title='bbox 485 2111 600 2171; x_wconf 89' lang='lat' dir='ltr'>habere</span> <span class='ocrx_word' id='word_1_162' title='bbox 629 2120 676 2170; x_wconf 88' lang='lat' dir='ltr'>est</span> <span class='ocrx_word' id='word_1_163' title='bbox 702 2113 812 2171; x_wconf 90' lang='lat' dir='ltr'>uisum.</span> <span class='ocrx_word' id='word_1_164' title='bbox 856 2112 960 2189; x_wconf 88' lang='lat' dir='ltr'>itaque</span> <span class='ocrx_word' id='word_1_165' title='bbox 987 2111 1038 2171; x_wconf 89' lang='lat' dir='ltr'>hic</span> 
     </span>
     <span class='ocr_line' id='line_1_24' title="bbox 69 2194 1038 2256; baseline 0.001 -1"><span class='ocrx_word' id='word_1_166' title='bbox 69 2213 180 2255; x_wconf 90' lang='lat' dir='ltr'>moneo</span> <span class='ocrx_word' id='word_1_167' title='bbox 209 2216 257 2256; x_wconf 89' lang='lat' dir='ltr'>me</span> <span class='ocrx_word' id='word_1_168' title='bbox 279 2197 371 2256; x_wconf 88' lang='lat' dir='ltr'>tacite</span> <span class='ocrx_word' id='word_1_169' title='bbox 398 2196 568 2256; x_wconf 84' lang='lat' dir='ltr'>correxisse</span> <span class='ocrx_word' id='word_1_170' title='bbox 591 2196 704 2255; x_wconf 86' lang='lat' dir='ltr'>formas</span> <span class='ocrx_word' id='word_1_171' title='bbox 731 2196 764 2253; x_wconf 92' lang='lat' dir='ltr'>in</span> <span class='ocrx_word' id='word_1_172' title='bbox 787 2194 927 2254; x_wconf 91' lang='lat' dir='ltr'>omuibus</span> <span class='ocrx_word' id='word_1_173' title='bbox 949 2196 1038 2256; x_wconf 89' lang='lat' dir='ltr'>libris</span> 
     </span>
     <span class='ocr_line' id='line_1_25' title="bbox 69 2279 1038 2354; baseline 0.001 -16"><span class='ocrx_word' id='word_1_174' title='bbox 69 2280 146 2339; x_wconf 89' lang='lat' dir='ltr'>meis</span> <span class='ocrx_word' id='word_1_175' title='bbox 170 2279 277 2340; x_wconf 89' lang='lat' dir='ltr'>obuias</span> <span class='ocrx_word' id='word_1_176' title='bbox 298 2281 355 2342; x_wconf 90' lang='lat' dir='ltr'>has</span> <span class='ocrx_word' id='word_1_177' title='bbox 378 2289 533 2354; x_wconf 83' lang='lat' dir='ltr'>connecto,</span> <span class='ocrx_word' id='word_1_178' title='bbox 563 2284 734 2340; x_wconf 80' lang='lat' dir='ltr'>connubium</span> <span class='ocrx_word' id='word_1_179' title='bbox 755 2279 837 2350; x_wconf 85' lang='lat' dir='ltr'>sim.;</span> <span class='ocrx_word' id='word_1_180' title='bbox 868 2282 1038 2347; x_wconf 57' lang='lat' dir='ltr'>Danubium</span> 
     </span>
     <span class='ocr_line' id='line_1_26' title="bbox 69 2362 1037 2442; baseline 0.003 -21"><span class='ocrx_word' id='word_1_181' title='bbox 69 2367 122 2434; x_wconf 82' lang='lat' dir='ltr'>dii,</span> <span class='ocrx_word' id='word_1_182' title='bbox 145 2366 214 2429; x_wconf 64' lang='lat' dir='ltr'>urm</span> <span class='ocrx_word' id='word_1_183' title='bbox 236 2370 408 2442; x_wconf 57' lang='lat' dir='ltr'>innumere,</span> <span class='ocrx_word' id='word_1_184' title='bbox 431 2369 591 2441; x_wconf 73' lang='lat' dir='ltr'>naplipere;</span> <span class='ocrx_word' id='word_1_185' title='bbox 613 2370 761 2431; x_wconf 61' lang='lat' dir='ltr'>solemnia·</span> <span class='ocrx_word' id='word_1_186' title='bbox 783 2365 952 2423; x_wconf 77' lang='lat' dir='ltr'>adolescens</span> <span class='ocrx_word' id='word_1_187' title='bbox 969 2362 1037 2440; x_wconf 90' lang='lat' dir='ltr'>(sed</span> 
     </span>
     <span class='ocr_line' id='line_1_27' title="bbox 69 2444 1037 2526; baseline 0.002 -20"><span class='ocrx_word' id='word_1_188' title='bbox 69 2445 109 2506; x_wconf 95' lang='lat' dir='ltr'>W</span> <span class='ocrx_word' id='word_1_189' title='bbox 129 2446 215 2505; x_wconf 89' lang='lat' dir='ltr'>haud</span> <span class='ocrx_word' id='word_1_190' title='bbox 236 2468 304 2506; x_wconf 90' lang='lat' dir='ltr'>raro</span> <span class='ocrx_word' id='word_1_191' title='bbox 328 2444 439 2525; x_wconf 84' lang='lat' dir='ltr'>adul.)‚·</span> <span class='ocrx_word' id='word_1_192' title='bbox 471 2453 657 2520; x_wconf 77' lang='lat' dir='ltr'>pulchritudo</span> <span class='ocrx_word' id='word_1_193' title='bbox 680 2451 746 2508; x_wconf 90' lang='lat' dir='ltr'>sim.</span> <span class='ocrx_word' id='word_1_194' title='bbox 776 2445 823 2525; x_wconf 85' lang='lat' dir='ltr'>(in</span> <span class='ocrx_word' id='word_1_195' title='bbox 845 2449 892 2507; x_wconf 88' lang='lat' dir='ltr'>his</span> <span class='ocrx_word' id='word_1_196' title='bbox 915 2467 1037 2526; x_wconf 89' lang='lat' dir='ltr'>quoque</span> 
     </span>
     <span class='ocr_line' id='line_1_28' title="bbox 68 2529 1036 2607; baseline 0 -17"><span class='ocrx_word' id='word_1_197' title='bbox 68 2529 108 2590; x_wconf 93' lang='lat' dir='ltr'>W</span> <span class='ocrx_word' id='word_1_198' title='bbox 123 2530 289 2607; x_wconf 84' lang='lat' dir='ltr'>aliquando</span> <span class='ocrx_word' id='word_1_199' title='bbox 310 2552 417 2592; x_wconf 88' lang='lat' dir='ltr'>nerum</span> <span class='ocrx_word' id='word_1_200' title='bbox 436 2529 591 2606; x_wconf 83' lang='lat' dir='ltr'>exhibet);</span> <span class='ocrx_word' id='word_1_201' title='bbox 615 2537 692 2590; x_wconf 79' lang='lat' dir='ltr'>illico</span> <span class='ocrx_word' id='word_1_202' title='bbox 709 2541 739 2589; x_wconf 90' lang='lat' dir='ltr'>et</span> <span class='ocrx_word' id='word_1_203' title='bbox 754 2551 833 2607; x_wconf 86' lang='lat' dir='ltr'>quae</span> <span class='ocrx_word' id='word_1_204' title='bbox 848 2541 920 2588; x_wconf 90' lang='lat' dir='ltr'>sunt</span> <span class='ocrx_word' id='word_1_205' title='bbox 935 2530 1036 2590; x_wconf 89' lang='lat' dir='ltr'>huius-</span> 
     </span>
     <span class='ocr_line' id='line_1_29' title="bbox 70 2613 297 2674; baseline -0.004 -1"><span class='ocrx_word' id='word_1_206' title='bbox 70 2613 152 2673; x_wconf 90' lang='lat' dir='ltr'>modi</span> <span class='ocrx_word' id='word_1_207' title='bbox 174 2613 297 2674; x_wconf 91' lang='lat' dir='ltr'>similia.</span> 
     </span>
    </p>

    <p class='ocr_par' dir='ltr' id='par_1_5' title="bbox 69 2696 1036 3196">
     <span class='ocr_line' id='line_1_30' title="bbox 133 2696 1036 2775; baseline 0 -19"><span class='ocrx_word' id='word_1_208' title='bbox 133 2698 243 2758; x_wconf 88' lang='lat' dir='ltr'>Restat</span> <span class='ocrx_word' id='word_1_209' title='bbox 265 2707 299 2757; x_wconf 88' lang='lat' dir='ltr'>ut</span> <span class='ocrx_word' id='word_1_210' title='bbox 322 2698 360 2756; x_wconf 87' lang='lat' dir='ltr'>de</span> <span class='ocrx_word' id='word_1_211' title='bbox 383 2696 572 2775; x_wconf 88' lang='lat' dir='ltr'>ordineque</span> <span class='ocrx_word' id='word_1_212' title='bbox 595 2698 629 2756; x_wconf 90' lang='lat' dir='ltr'>in</span> <span class='ocrx_word' id='word_1_213' title='bbox 650 2697 684 2756; x_wconf 73' lang='grc' dir='ltr'><strong><em>Η</em></strong></span> <span class='ocrx_word' id='word_1_214' title='bbox 710 2696 851 2775; x_wconf 87' lang='lat' dir='ltr'>singulas</span> <span class='ocrx_word' id='word_1_215' title='bbox 879 2697 1036 2756; x_wconf 91' lang='lat' dir='ltr'>orationes</span> 
     </span>
     <span class='ocr_line' id='line_1_31' title="bbox 70 2779 1036 2861; baseline -0.001 -20"><span class='ocrx_word' id='word_1_216' title='bbox 70 2801 138 2842; x_wconf 89' lang='lat' dir='ltr'>sese</span> <span class='ocrx_word' id='word_1_217' title='bbox 160 2784 339 2861; x_wconf 84' lang='lat' dir='ltr'>exceperint</span> <span class='ocrx_word' id='word_1_218' title='bbox 361 2781 470 2841; x_wconf 88' lang='lat' dir='ltr'>dicam.</span> <span class='ocrx_word' id='word_1_219' title='bbox 499 2801 554 2841; x_wconf 90' lang='lat' dir='ltr'>nos</span> <span class='ocrx_word' id='word_1_220' title='bbox 578 2782 660 2842; x_wconf 91' lang='lat' dir='ltr'>enim</span> <span class='ocrx_word' id='word_1_221' title='bbox 683 2781 721 2841; x_wconf 88' lang='lat' dir='ltr'>ab</span> <span class='ocrx_word' id='word_1_222' title='bbox 742 2779 852 2841; x_wconf 84' lang='lat' dir='ltr'>ordine</span> <span class='ocrx_word' id='word_1_223' title='bbox 874 2782 908 2838; x_wconf 89' lang='lat' dir='ltr'>iu</span> <span class='ocrx_word' id='word_1_224' title='bbox 928 2780 1036 2859; x_wconf 88' lang='lat' dir='ltr'>pleris-</span> 
     </span>
     <span class='ocr_line' id='line_1_32' title="bbox 70 2865 1035 2945; baseline -0.001 -20"><span class='ocrx_word' id='word_1_225' title='bbox 70 2885 129 2945; x_wconf 88' lang='lat' dir='ltr'>que</span> <span class='ocrx_word' id='word_1_226' title='bbox 151 2865 338 2926; x_wconf 88' lang='lat' dir='ltr'>editionibus</span> <span class='ocrx_word' id='word_1_227' title='bbox 359 2874 483 2944; x_wconf 86' lang='lat' dir='ltr'>recepta</span> <span class='ocrx_word' id='word_1_228' title='bbox 504 2885 632 2945; x_wconf 91' lang='lat' dir='ltr'>cumque</span> <span class='ocrx_word' id='word_1_229' title='bbox 651 2865 821 2926; x_wconf 90' lang='lat' dir='ltr'>rationibus</span> <span class='ocrx_word' id='word_1_230' title='bbox 843 2866 1035 2945; x_wconf 88' lang='lat' dir='ltr'>chronologi-</span> 
     </span>
     <span class='ocr_line' id='line_1_33' title="bbox 71 2948 1036 3029; baseline 0.002 -21"><span class='ocrx_word' id='word_1_231' title='bbox 71 2951 113 3009; x_wconf 90' lang='lat' dir='ltr'>cis</span> <span class='ocrx_word' id='word_1_232' title='bbox 136 2952 318 3027; x_wconf 83' lang='lat' dir='ltr'>congruenti</span> <span class='ocrx_word' id='word_1_233' title='bbox 340 2970 402 3010; x_wconf 93' lang='lat' dir='ltr'>nou</span> <span class='ocrx_word' id='word_1_234' title='bbox 425 2948 569 3011; x_wconf 86' lang='lat' dir='ltr'>recedere</span> <span class='ocrx_word' id='word_1_235' title='bbox 592 2960 744 3029; x_wconf 87' lang='lat' dir='ltr'>parerat.</span> <span class='ocrx_word' id='word_1_236' title='bbox 785 2952 830 3010; x_wconf 87' lang='lat' dir='ltr'>ita</span> <span class='ocrx_word' id='word_1_237' title='bbox 852 2959 955 3008; x_wconf 87' lang='lat' dir='ltr'>autem</span> <span class='ocrx_word' id='word_1_238' title='bbox 976 2951 1036 3010; x_wconf 90' lang='lat' dir='ltr'>hoc</span> 
     </span>
     <span class='ocr_line' id='line_1_34' title="bbox 69 3035 1036 3114; baseline 0.002 -22"><span class='ocrx_word' id='word_1_239' title='bbox 69 3053 196 3094; x_wconf 90' lang='lat' dir='ltr'>munere</span> <span class='ocrx_word' id='word_1_240' title='bbox 223 3036 350 3113; x_wconf 84' lang='lat' dir='ltr'>fungar,</span> <span class='ocrx_word' id='word_1_241' title='bbox 379 3044 415 3095; x_wconf 85' lang='lat' dir='ltr'>ut</span> <span class='ocrx_word' id='word_1_242' title='bbox 439 3035 529 3095; x_wconf 90' lang='lat' dir='ltr'>simul</span> <span class='ocrx_word' id='word_1_243' title='bbox 557 3054 646 3114; x_wconf 88' lang='lat' dir='ltr'>quam</span> <span class='ocrx_word' id='word_1_244' title='bbox 674 3037 803 3114; x_wconf 91' lang='lat' dir='ltr'>quisque</span> <span class='ocrx_word' id='word_1_245' title='bbox 829 3036 1036 3113; x_wconf 86' lang='lat' dir='ltr'>panegyricus</span> 
     </span>
     <span class='ocr_line' id='line_1_35' title="bbox 69 3116 1035 3196; baseline 0.002 -19"><span class='ocrx_word' id='word_1_246' title='bbox 69 3120 102 3177; x_wconf 90' lang='lat' dir='ltr'>iu</span> <span class='ocrx_word' id='word_1_247' title='bbox 124 3116 153 3177; x_wconf 93' lang='lat' dir='ltr'>A</span> <span class='ocrx_word' id='word_1_248' title='bbox 173 3118 198 3177; x_wconf 87' lang='lat' dir='ltr'>B</span> <span class='ocrx_word' id='word_1_249' title='bbox 220 3119 259 3180; x_wconf 95' lang='lat' dir='ltr'>W</span> <span class='ocrx_word' id='word_1_250' title='bbox 283 3118 368 3196; x_wconf 90' lang='lat' dir='ltr'>(nam</span> <span class='ocrx_word' id='word_1_251' title='bbox 387 3119 415 3179; x_wconf 83' lang='lat' dir='ltr'><strong>V</strong></span> <span class='ocrx_word' id='word_1_252' title='bbox 437 3120 533 3179; x_wconf 86' lang='lat' dir='ltr'>titulis</span> <span class='ocrx_word' id='word_1_253' title='bbox 556 3122 679 3180; x_wconf 91' lang='lat' dir='ltr'>omnino</span> <span class='ocrx_word' id='word_1_254' title='bbox 703 3127 803 3191; x_wconf 87' lang='lat' dir='ltr'>caret,</span> <span class='ocrx_word' id='word_1_255' title='bbox 833 3121 867 3178; x_wconf 93' lang='lat' dir='ltr'>in</span> <span class='ocrx_word' id='word_1_256' title='bbox 890 3118 911 3178; x_wconf 81' lang='lat'><strong>0</strong></span> <span class='ocrx_word' id='word_1_257' title='bbox 933 3128 1035 3179; x_wconf 85' lang='lat' dir='ltr'>autem</span> 
     </span>
    </p>
   </div>
   <div class='ocr_carea' id='block_1_3' title="bbox 68 3266 1036 3538">
    <p class='ocr_par' dir='ltr' id='par_1_6' title="bbox 68 3266 1036 3538">
     <span class='ocr_line' id='line_1_36' title="bbox 137 3266 1035 3334; baseline -0.001 -16"><span class='ocrx_word' id='word_1_258' title='bbox 137 3266 165 3334; x_wconf 75' lang='lat'>*)</span> <span class='ocrx_word' id='word_1_259' title='bbox 190 3267 375 3331; x_wconf 66' lang='lat' dir='ltr'>Sohaemus,</span> <span class='ocrx_word' id='word_1_260' title='bbox 400 3268 447 3334; x_wconf 88' lang='lat' dir='ltr'>qui</span> <span class='ocrx_word' id='word_1_261' title='bbox 464 3268 587 3320; x_wconf 89' lang='lat' dir='ltr'>codicum</span> <span class='ocrx_word' id='word_1_262' title='bbox 605 3269 792 3320; x_wconf 87' lang='lat' dir='ltr'>Parisiuorum</span> <span class='ocrx_word' id='word_1_263' title='bbox 809 3267 844 3318; x_wconf 86' lang='lat' dir='ltr'>ad</span> <span class='ocrx_word' id='word_1_264' title='bbox 862 3284 926 3334; x_wconf 88' lang='lat' dir='ltr'>pan.</span> <span class='ocrx_word' id='word_1_265' title='bbox 945 3269 958 3318; x_wconf 94' lang='lat' dir='ltr'>I</span> <span class='ocrx_word' id='word_1_266' title='bbox 980 3268 1035 3318; x_wconf 93' lang='lat' dir='ltr'>col·</span> 
     </span>
     <span class='ocr_line' id='line_1_37' title="bbox 69 3334 1036 3402; baseline -0.001 -17"><span class='ocrx_word' id='word_1_267' title='bbox 69 3334 190 3387; x_wconf 87' lang='lat' dir='ltr'>lationes</span> <span class='ocrx_word' id='word_1_268' title='bbox 208 3336 337 3402; x_wconf 80' lang='lat' dir='ltr'>possedit,</span> <span class='ocrx_word' id='word_1_269' title='bbox 356 3337 385 3386; x_wconf 92' lang='lat' dir='ltr'>in</span> <span class='ocrx_word' id='word_1_270' title='bbox 402 3335 479 3386; x_wconf 91' lang='lat' dir='ltr'>nullo</span> <span class='ocrx_word' id='word_1_271' title='bbox 499 3352 591 3389; x_wconf 88' lang='lat' dir='ltr'>eorum</span> <span class='ocrx_word' id='word_1_272' title='bbox 604 3335 768 3402; x_wconf 85' lang='lat' dir='ltr'>Cuspiuiaui</span> <span class='ocrx_word' id='word_1_273' title='bbox 787 3335 975 3386; x_wconf 83' lang='lat' dir='ltr'>additamenta</span> <span class='ocrx_word' id='word_1_274' title='bbox 994 3337 1036 3385; x_wconf 93' lang='lat' dir='ltr'>in·</span> 
     </span>
     <span class='ocr_line' id='line_1_38' title="bbox 68 3401 1035 3470; baseline 0.002 -17"><span class='ocrx_word' id='word_1_275' title='bbox 68 3403 160 3453; x_wconf 85' lang='lat' dir='ltr'>ueniri</span> <span class='ocrx_word' id='word_1_276' title='bbox 177 3401 280 3455; x_wconf 85' lang='lat' dir='ltr'>alicubi</span> <span class='ocrx_word' id='word_1_277' title='bbox 291 3408 407 3454; x_wconf 83' lang='lat' dir='ltr'>testatus</span> <span class='ocrx_word' id='word_1_278' title='bbox 425 3409 478 3455; x_wconf 88' lang='lat' dir='ltr'>est.</span> <span class='ocrx_word' id='word_1_279' title='bbox 502 3403 699 3470; x_wconf 73' lang='lat' dir='ltr'>crispinianum</span> <span class='ocrx_word' id='word_1_280' title='bbox 717 3409 809 3455; x_wconf 86' lang='lat' dir='ltr'>autem</span> <span class='ocrx_word' id='word_1_281' title='bbox 828 3405 917 3469; x_wconf 89' lang='lat' dir='ltr'>ipsum</span> <span class='ocrx_word' id='word_1_282' title='bbox 928 3402 951 3451; x_wconf 84' lang='lat' dir='ltr'>A</span> <span class='ocrx_word' id='word_1_283' title='bbox 962 3403 1035 3455; x_wconf 90' lang='lat' dir='ltr'>libro</span> 
     </span>
     <span class='ocr_line' id='line_1_39' title="bbox 69 3473 377 3538; baseline 0.006 -18"><span class='ocrx_word' id='word_1_284' title='bbox 69 3485 148 3521; x_wconf 89' lang='lat' dir='ltr'>usum</span> <span class='ocrx_word' id='word_1_285' title='bbox 166 3487 228 3523; x_wconf 84' lang='lat' dir='ltr'>esse</span> <span class='ocrx_word' id='word_1_286' title='bbox 247 3473 377 3538; x_wconf 86' lang='lat' dir='ltr'>suspicor.</span> 
     </span>
    </p>
   </div>
   <div class='ocr_carea' id='block_1_4' title="bbox 0 0 1152 3780">
    <p class='ocr_par' dir='ltr' id='par_1_7' title="bbox 0 0 1152 3780">
     <span class='ocr_line' id='line_1_40' title="bbox 0 0 1152 3780; baseline 0 0"><span class='ocrx_word' id='word_1_287' title='bbox 0 0 1152 3780; x_wconf 95' lang='lat' dir='ltr'> </span> 
     </span>
    </p>
   </div>
  </div>
 </body>
</html>
