2294 3780
124 175 188 240 202
448 177 495 228 rx.
525 176 673 228 ruenurr
690 175 771 227 eir.

125 327 246 391 domini
265 327 314 390 sui
331 347 444 389 manus
459 327 565 389 tenuit
586 327 618 388 et
632 327 762 409 paratus
784 324 823 387 ad
840 325 969 388 caedem
985 328 1093 388 custos

124 413 228 476 factus
251 418 300 475 est
322 411 362 474 ad
385 411 531 473 salutem.
559 431 698 493 magnus
717 413 820 492 poeta,
845 409 921 472 dum
936 408 1094 472 bellorum

124 500 193 560 toto
222 495 298 559 orbe
326 495 526 578 surgentium
555 493 731 557 discursum
758 496 1011 577 apparatumque
1040 494 1093 556 de·

125 579 238 644 scribit
260 581 310 642 ‘et
332 584 476 660 curuae’,
503 577 623 661 inquit,
652 577 809 661 ‘rigidum
830 577 930 640 falces
953 577 1094 658 conflan-

99 670 178 729 star
205 666 241 726 ia
268 668 398 727 easem'.
441 663 532 726 triste
560 662 711 725 nimirum
736 665 863 744 tempus
891 660 986 744 illud,
1021 682 1095 724 curn

124 749 339 811 instrumenta
361 747 433 811 usui
449 747 606 830 pecudum
620 748 809 829 praeparata
830 747 865 808 in
887 744 1017 809 caedem
1037 744 1095 808 hc-

125 831 248 895 minum
270 833 479 896 uerterentur.
521 833 555 894 at
575 851 661 894 nunc
682 830 779 914 rigidi
803 829 851 893 illi
874 829 1095 912 mortiferique

126 936 294 979 mucrones
323 915 358 978 in
385 915 537 979 salutaria
563 915 672 978 uincla
700 917 873 978 curuantur
897 917 930 978 et
952 936 1095 978 exarma-

65 1032 69 1041 1
125 1009 194 1064 tum
216 998 379 1063 hominem
401 1021 469 1064 non
490 999 694 1080 interimunt,
718 998 773 1063 sed
795 997 980 1081 cohercent,
1009 998 1096 1061 dedi-

88 1102 114 1141 10
127 1088 239 1168 tosque
260 1083 368 1148 hostes
390 1084 492 1169 gladii
517 1084 567 1147 sui
595 1083 697 1146 collisi
725 1083 916 1166 obtunsique
937 1085 1096 1165 tutantur,

128 1169 182 1252 qui
203 1167 286 1232 nihil
306 1169 371 1232 illis
392 1168 543 1252 prodesse
565 1168 686 1251 integri
708 1167 855 1250 acutique
876 1169 1060 1250 potuerunt.

190 1252 280 1317 XIH.
326 1252 478 1317 Omnium
501 1273 578 1337 ergo
600 1273 761 1315 armorum
783 1251 961 1315 ministeria
987 1251 1027 1314 ad
1049 1250 1096 1314 di·

127 1359 236 1401 uersos
260 1337 390 1402 effectus
413 1337 545 1401 arbitrie
567 1340 623 1400 tuo
646 1337 801 1418 seruiunt,
822 1335 1006 1418 imperator.
1033 1334 1096 1398 tibi

128 1423 264 1485 uincunt
285 1421 396 1506 gladii,
420 1422 480 1485 tibi
502 1423 643 1503 seruant,
664 1423 698 1484 te
719 1423 885 1503 pugnante
907 1419 1039 1502 feriunt,
1061 1422 1096 1482 te

90 1521 115 1561 15
128 1506 317 1588 ignoscente
339 1506 531 1569 custodiunt.
560 1509 597 1569 ut
615 1504 691 1569 deus
706 1505 761 1568 ille
784 1504 896 1568 mundi
918 1505 1041 1568 creator
1063 1507 1096 1567 et

128 1588 277 1653 dominus
301 1589 411 1653 eodem
432 1589 567 1652 fulmine
589 1610 646 1652 suo
668 1610 755 1652 nunc
776 1589 897 1670 tristes,
923 1609 1010 1652 nunc
1031 1587 1097 1651 lae·

126 1676 178 1738 tos
206 1673 337 1737 nuntios
359 1674 477 1737 mittit:
514 1674 560 1736 ita
583 1673 692 1737 eadem
720 1673 778 1736 sub
800 1673 932 1736 numine
953 1675 1009 1736 tue
1030 1672 1098 1736 tela

128 1757 275 1821 inimicos
292 1761 348 1821 aut
362 1757 521 1839 supplices
536 1760 608 1820 tuos
623 1757 764 1839 pernicie
781 1760 837 1821 aut
852 1756 1097 1821 conseruatione

129 1841 323 1904 discernunt.
354 1841 510 1923 eripuisti,
533 1841 719 1924 imperator,
743 1841 933 1905 aduersariis
948 1841 1013 1904 tuis
1052 1840 1098 1904 la·
1140 1900 1143 1911 ⁴

90 1940 116 1979 20
130 1923 200 1989 dics
221 1924 348 2008 nequis
368 1925 568 1989 incumberet
582 1926 691 1989 dolere
707 1926 881 2009 superanti,
904 1928 954 1990 set
969 1863 1098 1989 eosdem

128 2009 195 2073 suis
216 2009 365 2073 manibus
387 2010 536 2073 innoxios
557 2008 724 2074 reddidisti
746 2013 782 2073 ut
804 2013 836 2074 et
854 2011 1043 2074 clementiae
1066 2015 1099 2074 et

128 2094 290 2159 uindictae
311 2098 386 2158 tuae
409 2094 624 2158 satisfaceres:
653 2115 788 2177 quorum
811 2095 963 2178 sanguini
984 2115 1099 2177 peper-

130 2200 231 2262 ceras,
254 2193 342 2242 arma
363 2179 500 2264 fregisti.
538 2179 607 2243 uita
629 2180 715 2243 enim
737 2179 905 2242 hominum
927 2179 981 2242 diu
1003 2182 1100 2262 parta

130 2285 256 2346 semper
276 2264 434 2328 seruanda
457 2268 523 2347 est,
546 2264 573 2327 si
595 2263 706 2327 liceat:
734 2262 854 2327 ferrum
861 2312 870 2345 ,
894 2263 1031 2326 inuentu
1052 2262 1099 2326 fa·

91 2360 116 2400 25
130 2347 204 2429 eila,
233 2370 293 2411 usu
314 2349 467 2412 mutabile
489 2353 543 2413 est.
588 2347 659 2411 ideo
681 2369 761 2431 quae
790 2349 883 2410 erant
905 2347 1099 2430 reparabilia

130 2432 289 2510 conflasti,
313 2432 396 2516 quod
418 2432 596 2496 rediuiuum
618 2453 685 2495 non
707 2434 776 2495 erat
798 2431 978 2495 reseruasti.
1023 2431 1100 2514 quid

131 2515 234 2577 simile
255 2517 295 2578 ad
310 2516 467 2579 laetitiam
481 2514 610 2580 fabulae
625 2515 755 2579 ferunt?
780 2537 936 2580 conuersa
957 2536 1027 2579 esse
1042 2516 1099 2578 hu-

129 2620 225 2660 mana
240 2620 373 2681 corpora
387 2600 421 2662 in
434 2600 540 2663 fontes
556 2602 612 2662 aut
623 2601 760 2682 pecudes
776 2603 831 2664 aut
847 2621 937 2663 aues:
954 2599 1052 2663 foeda
1067 2602 1100 2663 et

131 2683 270 2765 degener
284 2682 359 2745 talis
379 2684 554 2746 conuersis
584 2683 710 2767 gladius
731 2687 874 2748 mutatus
896 2683 931 2747 in
946 2683 1100 2766 manicae,

201 2891 214 2937 1
234 2894 327 2939 custos
346 2889 439 2939 factus
458 2915 488 2925 -
507 2891 523 2938 6
541 2890 570 2938 in
588 2889 701 2939 caedem
720 2905 766 2939 om.
787 2885 835 2953 Vll
856 2890 874 2938 4
892 2903 940 2938 cur
957 2904 992 2938 ne
1010 2889 1047 2952 A?
1066 2887 1101 2951 cf.

134 2958 210 3018 Uerp.
226 2956 317 3021 Gecrp.
334 2957 413 3006 1508
428 2953 433 3019 Ι
448 2957 601 3007 conflantur
617 2957 647 3005 in
664 2971 757 3007 ensem
775 2973 821 3008 cm.
835 2958 868 3016 Η,
885 2954 1026 3006 falcestris
1039 2962 1066 3006 te
1077 2955 1101 3003 Δ

132 3023 281 3085 falcestris,
299 3024 348 3074 del.
368 3028 405 3085 te,
425 3037 449 3071 w
466 3021 476 3088 ll
493 3025 509 3074 5
527 3025 637 3074 nimium
650 3025 685 3082 Η,
705 3040 773 3077 corr.
786 3037 811 3072 w
826 3022 830 3086 Ι
844 3023 914 3073 illud
933 3023 1059 3088 aperiens
1075 3036 1102 3070 vr

134 3088 146 3155 ll
172 3092 266 3140 6usui
284 3106 345 3154 epo:
363 3091 403 3139 tui
420 3092 447 3138 Η
465 3091 552 3141 cultui
570 3106 595 3141 w
616 3089 625 3156 ΙΙ
648 3094 679 3141 16
696 3092 806 3141 flumine
824 3093 842 3138 c
863 3088 873 3155 ΙΙ
898 3093 929 3140 17
947 3091 989 3140 ita
1008 3094 1036 3141 et
1053 3087 1099 3154 Al

131 3157 240 3207 numine
260 3160 335 3208 edd:
352 3160 462 3208 nomine
480 3163 507 3208 M
527 3158 537 3225 ΙΙ
563 3162 594 3210 18
614 3167 675 3210 tues
692 3175 740 3210 om.
757 3159 781 3207 A
802 3157 811 3224 ΙΙ
836 3160 868 3208 12
887 3157 1102 3222 imperatorem.

131 3225 207 3274 Bert.
225 3222 236 3288 ΙΙ
257 3227 289 3274 20
308 3227 450 3289 superanti
469 3232 513 3276 set
529 3230 638 3292 scripsi:
657 3227 798 3291 superasti
816 3230 844 3276 et
862 3226 890 3273 Η
908 3229 1056 3290 superatus
1075 3232 1104 3274 ct

131 3307 157 3341 w
173 3289 183 3355 ΙΙ
199 3294 230 3341 21
251 3293 377 3343 manibus
396 3294 454 3343 suis
472 3296 489 3342 0
507 3291 517 3359 ΙΙ
534 3297 566 3344 22
585 3296 720 3359 sanguine
738 3295 760 3341 Δ
777 3290 787 3357 ΙΙ
804 3295 836 3343 23
854 3293 914 3343 uita
932 3295 1008 3343 edd:
1026 3297 1058 3342 nt
1076 3294 1102 3340 Η

131 3366 163 3410 ut
180 3375 221 3410 en.
239 3359 311 3411 hcm.
330 3364 429 3410 natura
447 3375 472 3409 w
484 3359 494 3426 ΙΙ
511 3364 544 3411 24
563 3363 603 3411 sic
622 3363 721 3411 ferrum
739 3374 764 3408 w
781 3357 791 3424 ΙΙ
808 3362 841 3410 25
860 3363 873 3408 ὃ
891 3362 996 3411 addidi:
1014 3376 1062 3411 cm,
1073 3361 1102 3407 1

134 3425 146 3492 ll
166 3427 528 3542 26Bsgr1prstiBert.lquid
546 3431 618 3480 edd„-
638 3429 683 3494 qui
697 3430 724 3476 lt
742 3429 785 3476 cui
803 3441 828 3475 w
840 3425 850 3491 ΙΙ
863 3430 894 3477 27
914 3427 949 3476 ad
967 3427 1104 3479 laetitiam

131 3511 178 3545 cm.
