2294 3780
109 177 129 241 6
433 182 455 232 Ι.
487 180 517 232 0.
536 179 653 230 PLINII
671 180 754 230 PAN.

108 350 223 392 norum
259 329 476 412 malorumque
505 349 618 393 causae
655 329 714 392 sub
743 327 870 391 diuersa
898 328 1003 411 specie
1030 331 1076 392 la·

108 416 189 477 tent.

151 498 207 562 Vl.
224 497 379 580 Magnum
392 497 520 580 quidem
531 497 610 559 illud
623 495 749 561 saeculo
760 496 905 580 dedecus,
922 519 1073 582 magnum

111 582 157 645 rei
190 581 336 664 publicae
367 581 483 645 uulnus
513 581 703 663 impressum
737 585 800 645 est:
838 582 1012 666 imperator
1045 585 1077 645 et

85 692 98 731 5
111 687 228 748 parens
262 666 389 748 generis
421 665 553 728 humani
592 666 741 730 obsessus
775 668 887 749 captus
922 667 1074 749 inclusus,

111 749 219 813 ablata
233 750 403 814 mitissimo
419 749 488 813 seni
504 750 733 813 seruandorum
754 749 918 813 hominum
932 754 1076 835 potestas

110 837 316 918 ereptumque
338 834 476 918 principi
498 833 578 897 illud
600 835 634 896 in
649 835 833 917 principatu
847 836 1076 917 beatissimum,

110 919 192 1000 quod
215 918 296 982 nihil
324 920 458 1002 cogitur.
497 919 524 981 si
550 923 659 982 tamen
686 919 766 983 haec
794 919 863 982 sola
889 922 958 982 erat
992 920 1075 982 ratio

109 1023 190 1085 quae
225 1005 257 1065 te
292 1003 440 1085 publicae
471 1003 584 1066 salutis
619 1003 844 1086 gubernaculis
881 1003 1076 1084 admoueret,

72 1110 96 1149 10
109 1108 209 1169 prope
239 1092 288 1150 est
321 1091 357 1150 ut
385 1087 559 1151 exclamem
589 1089 673 1151 tanti
701 1087 810 1151 fuisse.
855 1090 1005 1170 corrupta
1028 1092 1077 1150 est

110 1170 280 1253 disciplina
309 1174 483 1235 castrorum
516 1175 552 1235 ut
579 1174 615 1234 tu
644 1175 802 1236 corrector
830 1171 1076 1254 emendatorque

111 1259 331 1340 contingerem
355 1256 520 1320 inductum
542 1255 713 1339 pessimum
737 1255 916 1338 exemplum
939 1258 975 1317 ut
995 1256 1076 1338 opti-

108 1362 197 1404 mum
219 1344 450 1425 opponeretur3
477 1345 638 1424 postremo
666 1345 793 1405 coactus
820 1339 969 1422 princeps
998 1361 1076 1423 quos

49 1439 53 1446 ·
108 1425 241 1488 nolebat
268 1424 410 1489 occidere
437 1429 474 1489 ut
501 1426 592 1489 daret
618 1425 796 1510 principem
824 1424 879 1506 qui
907 1424 979 1506 cogi
1009 1445 1076 1487 non

73 1528 98 1568 15
111 1512 230 1591 posset.
263 1509 341 1572 olim
363 1512 399 1572 tu
421 1510 548 1592 quidem
571 1508 713 1592 adoptari
736 1508 912 1592 merebam,
937 1508 990 1572 sed
1022 1530 1075 1570 ne-

109 1592 278 1656 scissemus
307 1596 464 1676 quantum
485 1594 544 1657 tibi
568 1593 699 1657 deberet
730 1593 909 1674 imperium,
945 1592 972 1655 si
1001 1597 1076 1655 ante

109 1676 278 1760 adoptatus
295 1699 391 1742 esses.
427 1680 628 1759 expectatum
644 1680 693 1741 est
714 1680 840 1759 tempus
856 1697 917 1759 quo
940 1675 1077 1759 liqueret

108 1783 173 1824 non
214 1766 281 1826 tam
320 1762 481 1844 accepisse
522 1764 554 1824 te
583 1761 771 1824 beneficium
800 1782 895 1842 quam
930 1759 1075 1824 dedisse:

109 1846 258 1930 confugit
279 1847 314 1910 in
337 1846 443 1909 sinum
465 1850 556 1910 tuum
574 1867 729 1910 concussa
749 1866 799 1908 res
815 1844 943 1928 publica
966 1866 1076 1909 ruens·

70 1949 96 1989 ao
109 1951 169 2013 que
197 1930 242 1993 im
267 1931 367 1993 erium
400 1952 496 2014 super
526 1932 752 2012 imperatorem
785 1930 987 2012 imperatoris
1015 1928 1076 1992 tibi

109 2035 188 2078 uoce
210 1952 351 2079 delatum
375 2017 433 2078 est.
477 2015 665 2098 imploratus
693 2014 864 2098 adoptione
895 2017 928 2077 et
955 2013 1075 2076 accitus

110 2120 153 2178 es,
182 2104 219 2163 ut
246 2100 323 2164 olim
352 2100 447 2165 duces
474 2099 587 2184 magni
615 2123 634 2164 a
661 2099 838 2184 peregrinis
873 2098 1075 2181 externisque

109 2183 201 2247 bellis
225 2185 264 2249 ad
287 2207 381 2270 opem
402 2184 527 2269 patriae
554 2184 718 2249 ferendam
746 2184 887 2248 reuocari
916 2181 1074 2245 solebant.

107 2269 154 2332 ita
181 2269 265 2334 filius
293 2292 329 2334 ac
362 2292 478 2354 parens
512 2292 576 2334 uno
611 2269 783 2352 eodemque
816 2269 978 2330 momento
1008 2286 1076 2329 rem

69 2374 95 2413 aa
109 2355 279 2418 maximam
307 2356 446 2419 inuicem
477 2355 700 2439 praestitistis:
728 2354 783 2416 ille
812 2351 872 2414 tibi
904 2350 1075 2432 imperium

109 2437 207 2520 dedit,
229 2451 264 2502 tu
286 2440 333 2503 illi
355 2439 530 2503 reddidisti.
561 2440 647 2502 solus
672 2458 748 2520 ergo
772 2437 813 2499 ad
835 2434 896 2498 hoc
918 2435 989 2497 aeui
1016 2456 1075 2516 pro

108 2542 240 2584 munere
268 2526 360 2586 tanto
388 2523 480 2604 paria
508 2521 692 2603 accipiendo
721 2520 836 2600 fecisti,
864 2519 963 2581 immo
992 2518 1076 2580 ultro

109 2605 239 2668 dantem
261 2606 430 2688 obligasti:
460 2605 692 2668 communicato
723 2602 808 2666 enim
831 2601 965 2683 imperio
989 2601 1075 2664 solli-

110 2689 204 2752 citior
225 2691 271 2769 tu,
294 2688 348 2752 ille
371 2688 511 2752 securior
532 2687 636 2752 factus
660 2690 717 2751 est.

69 2784 96 2825 ³⁰
162 2772 235 2837 VII.
252 2771 279 2837 Ο
292 2794 411 2837 nouum
423 2775 516 2856 atque
529 2772 706 2836 inauditum
717 2771 757 2834 ad
768 2770 985 2853 principatum
997 2770 1074 2833 iter!

108 2879 173 2921 non
196 2861 228 2921 tc
250 2857 381 2940 propria
405 2857 572 2940 cupiditas,
594 2856 742 2940 proprius
763 2858 877 2936 metus,
901 2854 955 2917 sed
971 2854 1076 2917 aliena

66 2956 70 2963 ’
108 2943 242 3023 utilitas,
267 2941 390 3004 alienus
412 2941 508 3004 timor
529 2941 708 3024 principem
723 2939 810 3003 fecit.
838 2939 975 3001 uidearis
999 2939 1076 3002 licet

109 3025 193 3108 quod
223 3028 272 3088 cst
305 3025 535 3108 amplissimum
570 3029 759 3091 consecutus
793 3024 877 3087 inter
918 3022 1075 3104 homines

108 3109 233 3174 felicius
261 3113 369 3174 tamen
397 3113 464 3174 erat
493 3110 572 3174 illud
588 3111 671 3193 quod
694 3107 869 3192 reliquisti:
904 3107 962 3170 sub
990 3108 1074 3172 bono

109 3193 254 3277 principe
276 3195 419 3277 priuatus
442 3216 511 3259 esse
533 3195 651 3259 desisti.
694 3196 876 3276 assumptus
906 3213 939 3255 es
968 3193 1002 3255 in
1030 3192 1076 3254 la-

178 3366 336 3416 boblatac
360 3363 370 3432 [Ι
394 3367 611 3432 'lprincipatum
626 3368 680 3416 BV
703 3365 708 3431 Ι
738 3365 861 3428 89ratio
879 3364 910 3412 W
934 3361 944 3427 ΙΙ
969 3365 1000 3411 12
1019 3367 1075 3428 opt.

109 3433 321 3499 imponerentc
344 3433 354 3499 ss
379 3437 411 3485 15
429 3435 521 3485 nescis
544 3436 687 3486 seniumc
717 3431 720 3497 l
747 3435 777 3482 17
800 3438 908 3497 tempus
931 3435 960 3479 in
983 3445 1036 3494 quo
1059 3432 1076 3478 c

108 3514 135 3550 w
157 3498 168 3567 d
193 3503 224 3553 19
241 3515 323 3553 ruens
341 3504 406 3569 imp.
425 3502 458 3551 W
481 3499 490 3567 ΙΙ
514 3505 546 3554 27
565 3503 639 3554 ultra
656 3502 689 3551 W
707 3503 734 3552 (t.
