2294 3780
73 144 125 197 XX
449 142 662 195 PRAEFATIO.

71 298 120 373 113
143 320 173 378 p.
192 300 261 370 106,
279 299 297 358 5
314 299 616 378 ‘petendum'Bert.:
637 295 825 376 ‘petendam'
841 295 889 373 13
913 316 943 376 p.
962 297 1032 369 135,

74 385 113 442 26
136 382 260 444 ‘iecisti'
278 386 377 442 Bert:
399 383 524 443 ‘uicisti'
538 381 586 459 13
610 402 641 462 p.
659 380 1034 453 141,2e‘1aud0’serr=

72 466 149 547 ‘rep
171 467 276 529 laude’
297 467 331 529 Π
347 487 392 528 ex
414 465 631 545 dittographia.
652 466 786 525 -hinc
807 465 1034 526 Bertiniensem

73 571 113 613 ex
134 551 245 613 eodem
265 570 326 632 quo
347 552 381 614 Π
407 551 511 613 codice
535 551 719 629 descriptum
744 568 811 611 osse
833 558 918 629 pnto.
963 570 1035 610 nam

73 656 114 696 ne
141 637 208 716 quis
234 636 322 697 illum
347 639 470 698 tertium
496 634 653 715 quoddam
675 635 851 714 Maguntini
879 635 1036 714 exemplar

74 740 142 781 esse
164 720 329 794 existimet,
360 723 453 782 mirus
475 728 556 781 certe
578 721 700 781 uidetur
722 736 788 780 esse
812 717 941 779 duorum
961 739 1034 799 epo-

73 804 258 885 graphorum
286 800 328 883 (A
354 814 390 866 et
406 801 570 884 Aurispae)
592 807 632 863 -in
658 812 704 863 tot
730 805 806 864 loeis
835 824 874 864 ex
897 802 931 864 Π
957 803 1036 864 false

75 889 234 969 descriptis
257 909 435 953 consensus.

137 972 202 1034 Sed
220 975 270 1034 fao
289 994 328 1035 ex
346 974 449 1055 aliquo
466 973 587 1036 Galliae
606 972 721 1051 angulo
742 970 1037 1032 communem-illum

73 1059 277 1121 Bertiniensis
299 1068 331 1119 et
351 1060 527 1138 Maguntini
548 1058 667 1118 fontem
687 1058 721 1116 in
742 1056 842 1116 lucem
864 1073 1035 1135 emergere:

72 1151 108 1203 ut
135 1143 174 1203 de
205 1143 364 1204 nonnullis
391 1145 466 1204 locis
499 1143 611 1202 certius
638 1139 782 1202 iudicium
811 1141 893 1201 ferre
919 1140 1036 1213 liceret,

74 1229 119 1288 ita
145 1229 179 1287 in
205 1229 383 1289 uniuersum
410 1227 535 1289 easdem
562 1236 654 1306 atque
679 1225 725 1285 illi
752 1225 940 1304 corruptelas
962 1244 1037 1303 prae

74 1312 235 1373 ecferret.
279 1314 421 1373 nimirum
448 1332 487 1372 ex
506 1312 633 1391 ingenio
658 1309 861 1389 repetendum
884 1319 930 1369 est
951 1310 1036 1369 auxi·

73 1397 150 1457 lium
177 1406 211 1456 nt
237 1417 310 1458 snus
342 1399 390 1457 his
418 1397 625 1477 panegyristis
658 1393 806 1456 reddatur
838 1394 930 1453 nitor.
974 1412 1036 1472 quo

76 1481 263 1541 emendandi
290 1483 414 1559 negotio
443 1502 510 1540 cum
531 1481 649 1541 honore
676 1480 776 1540 functi
796 1488 869 1540 sunt
896 1498 936 1539 ex
957 1479 1038 1556 prio·

75 1564 158 1625 ribus
182 1583 249 1623 cum
271 1563 492 1643 Cuspinianus,
515 1565 698 1636 Rhenanus,
722 1564 893 1635 Puteanus,
918 1561 1060 1624 Grono·.

75 1650 159 1721 uius,
187 1647 362 1721 Acidalius,
390 1648 625 1721 Rittershusius,
657 1647 819 1718 Gruterus,
853 1645 1037 1718 Schefferue,

74 1741 150 1804 tum,
172 1732 226 1810 qui
241 1752 319 1793 unus
339 1733 395 1791 hos
411 1752 515 1792 omnes
531 1732 649 1810 ingenii
671 1732 809 1791 acumine
824 1731 930 1802 anteit,
953 1730 1039 1789 Liui·

76 1817 174 1876 neius.
202 1824 307 1876 nostra
327 1824 428 1876 aetate
446 1817 629 1876 Franciscus
644 1815 893 1892 Eyssenhardtus
915 1816 948 1873 in
969 1836 1039 1894 pro·

77 1909 243 1980 grammate
262 1900 458 1961 Berolinensi
478 1920 506 1959 a.
524 1902 604 1961 1867
626 1910 657 1960 et
671 1901 836 1958 Mauricius
849 1895 1039 1977 Hauptius*)

76 1987 110 2045 in
125 1986 219 2045 uariis
234 1985 367 2045 Hermae
382 1984 549 2044 fascisculis
564 1983 661 2045 bonas
676 1984 794 2062 aliquot
809 1980 1040 2044 emendationes

76 2069 279 2149 protulerunt.
305 2070 372 2144 ipse
386 2069 425 2130 de
440 2068 660 2128 nonnullorum
674 2069 809 2127 locorum
824 2067 1040 2128 emendatione

77 2156 129 2233 egi
156 2155 190 2214 in
215 2154 311 2214 musei
332 2153 478 2215 Rhenani
504 2153 565 2215 nol.
587 2152 716 2213 XXVII
742 2171 773 2230 p.
797 2152 974 2212 ale-225.
1000 2184 1038 2193 —

77 2248 214 2300 ceterum
239 2240 273 2298 in
299 2237 358 2298 hac
386 2238 522 2299 editione
544 2236 694 2316 philologi
715 2244 833 2296 tentum
855 2243 958 2314 partes
985 2235 1039 2293 im-

78 2324 164 2403 plere
191 2321 311 2400 studui3
345 2343 412 2383 meo
440 2331 591 2402 apparatu
617 2321 758 2382 instructi
787 2341 843 2381 suo
870 2319 1041 2398 fungantur

80 2409 181 2468 officio
208 2406 355 2467 historici.
404 2407 612 2468 excludendas
644 2414 746 2466 antem
778 2405 885 2485 putaui
917 2404 955 2464 ab
982 2404 1041 2463 hac

79 2491 271 2571 praefatione
292 2493 487 2569 quaestiones
509 2510 588 2569 quae
610 2489 650 2549 ad
664 2490 855 2568 singularum
870 2489 1040 2548 orationum

80 2583 230 2648 auctores,
253 2573 293 2634 ad
315 2575 418 2635 studia
440 2594 549 2646 eorum,
573 2575 703 2634 maxime
725 2572 927 2634 Ciceroniana
948 2579 1040 2647 atque

80 2659 270 2738 Uergiliana,
287 2659 409 2739 aliaque
421 2660 610 2739 pertineant:
627 2657 688 2718 alio
703 2657 832 2717 fortasse
846 2654 922 2714 hoec
937 2654 1040 2713 omnia

81 2764 149 2803 cum
171 2762 242 2802 cura
262 2744 520 2821 perscrutabimur
541 2750 687 2821 tempore.

145 2826 207 2888 Sed
228 2830 382 2906 quoniam,
407 2849 473 2889 cum
487 2826 514 2888 A
528 2827 624 2887 lenae
646 2825 786 2886 conferre
806 2824 923 2894 liceret,
947 2822 1041 2883 Plinii

80 2914 286 2991 panegyricus
306 2914 367 2973 iam
380 2915 543 2992 impressus
563 2920 638 2984 erat,
661 2910 711 2970 hic
724 2908 825 2970 saltim
840 2906 922 2967 illius
937 2906 1041 2966 lectio-

150 3159 173 3225 ')
204 3178 283 3227 quam
306 3165 334 3214 in
356 3164 470 3215 Hermae
491 3161 547 3213 nol.
564 3162 632 3214 VlII
655 3179 681 3228 p.
705 3162 753 3212 178
775 3157 817 3211 ed·
833 3175 859 3224 p.
884 3156 931 3220 IV,
953 3159 970 3208 4
993 3158 1044 3206 ‘ir-

83 3234 208 3296 rogaret’
235 3233 368 3296 prompsit
389 3230 621 3293 emendationem,
643 3231 714 3281 hene
737 3226 838 3279 oblitus
856 3229 916 3276 erat
934 3225 978 3275 uir
995 3222 1043 3272 ille

84 3296 259 3348 doctissimus
281 3299 337 3348 iem
354 3299 458 3350 duobus
481 3299 562 3349 annis
585 3302 650 3349 ante
672 3314 689 3346 a
710 3310 753 3346 me
770 3293 788 3346 l.
805 3293 824 3344 l.
850 3293 952 3344 editam
974 3304 1043 3341 esee.

82 3364 156 3416 idem
175 3365 254 3431 quod·
263 3366 301 3420 ib.
314 3382 339 3431 p.
353 3367 401 3416 lte
414 3365 450 3416 ed
461 3365 571 3416 Florum
581 3364 708 3430 protulit,
726 3361 756 3412 id
775 3377 791 3412 e
808 3375 850 3410 me
868 3360 1044 3426 praeseptum

84 3433 174 3485 estin
192 3432 367 3485 Fleckeiseni
385 3448 449 3484 ann.
468 3433 547 3496 18⁷2,
564 3448 590 3497 p.
609 3435 650 3484 51.
