<?xml version="1.0" encoding="UTF-8"?>
<!DOCTYPE html PUBLIC "-//W3C//DTD XHTML 1.0 Transitional//EN"
    "http://www.w3.org/TR/xhtml1/DTD/xhtml1-transitional.dtd">
<html xmlns="http://www.w3.org/1999/xhtml" xml:lang="en" lang="en">
 <head>
  <title>
</title>
<meta http-equiv="Content-Type" content="text/html;charset=utf-8" />
  <meta name='ocr-system' content='tesseract 3.04.00' />
  <meta name='ocr-capabilities' content='ocr_page ocr_carea ocr_par ocr_line ocrx_word'/>
</head>
<body>
  <div class='ocr_page' id='page_1' title='image "./xiipanegyricila00baehgoog_0317.png"; bbox 0 0 2294 3780; ppageno 0'>
   <div class='ocr_carea' id='block_1_1' title="bbox 119 145 768 210">
    <p class='ocr_par' dir='ltr' id='par_1_1' title="bbox 119 145 768 210">
     <span class='ocr_line' id='line_1_1' title="bbox 119 145 768 210; baseline -0.02 0"><span class='ocrx_word' id='word_1_1' title='bbox 119 147 181 210; x_wconf 83' lang='grc'><strong>282</strong></span> <span class='ocrx_word' id='word_1_2' title='bbox 444 146 507 197; x_wconf 88' lang='lat' dir='ltr'><strong>xn.</strong></span> <span class='ocrx_word' id='word_1_3' title='bbox 538 145 768 198; x_wconf 73' lang='lat' dir='ltr'><strong>Prummu.</strong></span> 
     </span>
    </p>
   </div>
   <div class='ocr_carea' id='block_1_2' title="bbox 95 293 1091 696">
    <p class='ocr_par' dir='ltr' id='par_1_2' title="bbox 121 293 1091 377">
     <span class='ocr_line' id='line_1_2' title="bbox 121 293 1091 377; baseline -0.004 -16"><span class='ocrx_word' id='word_1_4' title='bbox 121 297 220 361; x_wconf 89' lang='lat' dir='ltr'><strong>oblita</strong></span> <span class='ocrx_word' id='word_1_5' title='bbox 248 296 341 361; x_wconf 90' lang='lat' dir='ltr'><strong>caede</strong></span> <span class='ocrx_word' id='word_1_6' title='bbox 365 295 564 359; x_wconf 90' lang='lat' dir='ltr'><strong>dominorum</strong></span> <span class='ocrx_word' id='word_1_7' title='bbox 590 298 716 377; x_wconf 87' lang='lat' dir='ltr'><strong>sceptra</strong></span> <span class='ocrx_word' id='word_1_8' title='bbox 737 294 866 377; x_wconf 80' lang='lat' dir='ltr'>cepistis</span> <span class='ocrx_word' id='word_1_9' title='bbox 894 298 927 358; x_wconf 92' lang='lat' dir='ltr'><strong>et</strong></span> <span class='ocrx_word' id='word_1_10' title='bbox 947 293 1091 377; x_wconf 89' lang='lat' dir='ltr'><strong>periculo</strong></span> 
     </span>
    </p>

    <p class='ocr_par' dir='ltr' id='par_1_3' title="bbox 120 378 1089 463">
     <span class='ocr_line' id='line_1_3' title="bbox 120 378 1089 463; baseline -0.004 -18"><span class='ocrx_word' id='word_1_11' title='bbox 120 402 186 445; x_wconf 89' lang='lat' dir='ltr'><strong>non</strong></span> <span class='ocrx_word' id='word_1_12' title='bbox 207 381 330 444; x_wconf 90' lang='lat' dir='ltr'><strong>minore</strong></span> <span class='ocrx_word' id='word_1_13' title='bbox 351 401 446 463; x_wconf 90' lang='lat' dir='ltr'><strong>qnam</strong></span> <span class='ocrx_word' id='word_1_14' title='bbox 473 379 591 443; x_wconf 88' lang='lat' dir='ltr'><strong>scelere</strong></span> <span class='ocrx_word' id='word_1_15' title='bbox 613 380 783 461; x_wconf 90' lang='lat' dir='ltr'><strong>imperium</strong></span> <span class='ocrx_word' id='word_1_16' title='bbox 804 379 873 441; x_wconf 90' lang='lat' dir='ltr'><strong>uita</strong></span> <span class='ocrx_word' id='word_1_17' title='bbox 895 378 1089 462; x_wconf 88' lang='lat' dir='ltr'><strong>paciscentis</strong></span> 
     </span>
    </p>

    <p class='ocr_par' dir='ltr' id='par_1_4' title="bbox 121 463 1088 609">
     <span class='ocr_line' id='line_1_4' title="bbox 121 463 1088 609; baseline -0.004 -79"><span class='ocrx_word' id='word_1_18' title='bbox 121 465 287 550; x_wconf 81' lang='lat' dir='ltr'><strong>sanguinis</strong></span> <span class='ocrx_word' id='word_1_19' title='bbox 314 466 417 546; x_wconf 90' lang='lat' dir='ltr'><strong>pretio</strong></span> <span class='ocrx_word' id='word_1_20' title='bbox 444 464 569 547; x_wconf 84' lang='lat' dir='ltr'><strong>regium</strong></span> <span class='ocrx_word' id='word_1_21' title='bbox 597 483 717 526; x_wconf 91' lang='lat' dir='ltr'><strong>nomen</strong></span> <span class='ocrx_word' id='word_1_22' title='bbox 745 463 882 526; x_wconf 76' lang='lat' dir='ltr'><strong>emistis:</strong></span> <span class='ocrx_word' id='word_1_23' title='bbox 926 463 1088 609; x_wconf 73' lang='lat' dir='ltr'><strong>repulsam</strong></span> 
     </span>
    </p>

    <p class='ocr_par' dir='ltr' id='par_1_5' title="bbox 95 546 1091 696">
     <span class='ocr_line' id='line_1_5' title="bbox 121 546 1091 696; baseline -0.003 -83"><span class='ocrx_word' id='word_1_24' title='bbox 121 552 244 696; x_wconf 75' lang='lat' dir='ltr'><strong>patitur</strong></span> <span class='ocrx_word' id='word_1_25' title='bbox 259 548 459 632; x_wconf 76' lang='lat' dir='ltr'>principatus</span> <span class='ocrx_word' id='word_1_26' title='bbox 482 551 514 610; x_wconf 90' lang='lat' dir='ltr'><strong>et</strong></span> <span class='ocrx_word' id='word_1_27' title='bbox 534 568 616 610; x_wconf 90' lang='lat' dir='ltr'><strong>unus</strong></span> <span class='ocrx_word' id='word_1_28' title='bbox 639 550 688 610; x_wconf 91' lang='lat' dir='ltr'><strong>est</strong></span> <span class='ocrx_word' id='word_1_29' title='bbox 702 547 840 611; x_wconf 76' lang='lat' dir='ltr'><strong>ambitus</strong></span> <span class='ocrx_word' id='word_1_30' title='bbox 864 546 958 611; x_wconf 89' lang='lat' dir='ltr'><strong>candi</strong></span> <span class='ocrx_word' id='word_1_31' title='bbox 982 547 1091 610; x_wconf 86' lang='lat' dir='ltr'><strong>atine</strong></span> 
     </span>
     <span class='ocr_line' id='line_1_6' title="bbox 95 651 109 691; baseline 0 0"><span class='ocrx_word' id='word_1_32' title='bbox 95 651 109 691; x_wconf 79' lang='lat' dir='ltr'><strong>s</strong></span> 
     </span>
    </p>
   </div>
   <div class='ocr_carea' id='block_1_3' title="bbox 85 631 1098 2900">
    <p class='ocr_par' dir='ltr' id='par_1_6' title="bbox 85 631 1098 2900">
     <span class='ocr_line' id='line_1_7' title="bbox 144 631 1092 714; baseline -0.002 -18"><span class='ocrx_word' id='word_1_33' title='bbox 144 633 309 697; x_wconf 76' lang='lat' dir='ltr'><strong>solaretur.</strong></span> <span class='ocrx_word' id='word_1_34' title='bbox 355 631 502 695; x_wconf 90' lang='lat' dir='ltr'><strong>credetne</strong></span> <span class='ocrx_word' id='word_1_35' title='bbox 523 631 584 695; x_wconf 90' lang='lat' dir='ltr'><strong>hoc</strong></span> <span class='ocrx_word' id='word_1_36' title='bbox 606 631 683 694; x_wconf 93' lang='lat' dir='ltr'><strong>olim</strong></span> <span class='ocrx_word' id='word_1_37' title='bbox 704 634 840 695; x_wconf 90' lang='lat' dir='ltr'><strong>uentura</strong></span> <span class='ocrx_word' id='word_1_38' title='bbox 861 631 1034 714; x_wconf 75' lang='lat' dir='ltr'><strong>posteritas</strong></span> <span class='ocrx_word' id='word_1_39' title='bbox 1060 634 1092 694; x_wconf 85' lang='lat' dir='ltr'><strong>et</strong></span> 
     </span>
     <span class='ocr_line' id='line_1_8' title="bbox 120 715 1091 800; baseline -0.002 -20"><span class='ocrx_word' id='word_1_40' title='bbox 120 716 298 800; x_wconf 81' lang='lat' dir='ltr'><strong>praestabit</strong></span> <span class='ocrx_word' id='word_1_41' title='bbox 323 715 417 778; x_wconf 92' lang='lat' dir='ltr'><strong>nobis</strong></span> <span class='ocrx_word' id='word_1_42' title='bbox 439 719 505 778; x_wconf 86' lang='lat' dir='ltr'><strong>tam</strong></span> <span class='ocrx_word' id='word_1_43' title='bbox 528 716 703 799; x_wconf 83' lang='lat' dir='ltr'><strong>gratiosam</strong></span> <span class='ocrx_word' id='word_1_44' title='bbox 723 715 820 779; x_wconf 89' lang='lat' dir='ltr'><strong>fidem</strong></span> <span class='ocrx_word' id='word_1_45' title='bbox 847 717 883 778; x_wconf 92' lang='lat' dir='ltr'><strong>ut</strong></span> <span class='ocrx_word' id='word_1_46' title='bbox 904 718 1017 779; x_wconf 86' lang='lat' dir='ltr'><strong>nostro</strong></span> <span class='ocrx_word' id='word_1_47' title='bbox 1039 715 1091 778; x_wconf 89' lang='lat' dir='ltr'><strong>de-</strong></span> 
     </span>
     <span class='ocr_line' id='line_1_9' title="bbox 120 799 1090 883; baseline -0.003 -19"><span class='ocrx_word' id='word_1_48' title='bbox 120 822 209 864; x_wconf 92' lang='lat' dir='ltr'><strong>mum</strong></span> <span class='ocrx_word' id='word_1_49' title='bbox 231 799 356 864; x_wconf 88' lang='lat' dir='ltr'><strong>saeculo</strong></span> <span class='ocrx_word' id='word_1_50' title='bbox 371 804 495 863; x_wconf 89' lang='lat' dir='ltr'><strong>annuat</strong></span> <span class='ocrx_word' id='word_1_51' title='bbox 509 800 629 864; x_wconf 89' lang='lat' dir='ltr'><strong>factum</strong></span> <span class='ocrx_word' id='word_1_52' title='bbox 652 801 737 883; x_wconf 90' lang='lat' dir='ltr'><strong>quod</strong></span> <span class='ocrx_word' id='word_1_53' title='bbox 751 799 850 863; x_wconf 89' lang='lat' dir='ltr'><strong>tantis</strong></span> <span class='ocrx_word' id='word_1_54' title='bbox 872 799 959 861; x_wconf 82' lang='lat' dir='ltr'><strong>intra</strong></span> <span class='ocrx_word' id='word_1_55' title='bbox 980 819 1090 883; x_wconf 91' lang='lat' dir='ltr'><strong>supra·</strong></span> 
     </span>
     <span class='ocr_line' id='line_1_10' title="bbox 121 883 1092 968; baseline 0 -22"><span class='ocrx_word' id='word_1_56' title='bbox 121 905 182 968; x_wconf 91' lang='lat' dir='ltr'><strong>que</strong></span> <span class='ocrx_word' id='word_1_57' title='bbox 201 885 399 967; x_wconf 88' lang='lat' dir='ltr'><strong>temporibus</strong></span> <span class='ocrx_word' id='word_1_58' title='bbox 421 905 480 947; x_wconf 92' lang='lat' dir='ltr'><strong>nec</strong></span> <span class='ocrx_word' id='word_1_59' title='bbox 503 884 663 948; x_wconf 90' lang='lat' dir='ltr'><strong>inuenerit</strong></span> <span class='ocrx_word' id='word_1_60' title='bbox 685 884 844 947; x_wconf 90' lang='lat' dir='ltr'><strong>aemulum</strong></span> <span class='ocrx_word' id='word_1_61' title='bbox 865 904 925 947; x_wconf 93' lang='lat' dir='ltr'><strong>nec</strong></span> <span class='ocrx_word' id='word_1_62' title='bbox 940 883 1092 948; x_wconf 80' lang='lat' dir='ltr'><strong>habuerit</strong></span> 
     </span>
     <span class='ocr_line' id='line_1_11' title="bbox 123 967 1091 1051; baseline -0.002 -19"><span class='ocrx_word' id='word_1_63' title='bbox 123 967 325 1051; x_wconf 83' lang='lat' dir='ltr'><strong>exemplum?</strong></span> <span class='ocrx_word' id='word_1_64' title='bbox 371 968 424 1032; x_wconf 90' lang='lat' dir='ltr'><strong>sed</strong></span> <span class='ocrx_word' id='word_1_65' title='bbox 448 968 502 1051; x_wconf 89' lang='lat' dir='ltr'><strong>qui</strong></span> <span class='ocrx_word' id='word_1_66' title='bbox 529 969 615 1033; x_wconf 90' lang='lat' dir='ltr'><strong>uitae</strong></span> <span class='ocrx_word' id='word_1_67' title='bbox 637 971 711 1031; x_wconf 91' lang='lat' dir='ltr'><strong>tuae</strong></span> <span class='ocrx_word' id='word_1_68' title='bbox 740 970 860 1032; x_wconf 89' lang='lat' dir='ltr'><strong>sectam</strong></span> <span class='ocrx_word' id='word_1_69' title='bbox 886 967 1091 1051; x_wconf 82' lang='lat' dir='ltr'><strong>rationesque</strong></span> 
     </span>
     <span class='ocr_line' id='line_1_12' title="bbox 85 1052 1094 1135; baseline 0.004 -24"><span class='ocrx_word' id='word_1_70' title='bbox 85 1072 111 1111; x_wconf 89' lang='lat'><strong>10</strong></span> <span class='ocrx_word' id='word_1_71' title='bbox 123 1053 325 1135; x_wconf 84' lang='lat' dir='ltr'><strong>cognouerit,</strong></span> <span class='ocrx_word' id='word_1_72' title='bbox 354 1052 428 1116; x_wconf 90' lang='lat' dir='ltr'><strong>fidei</strong></span> <span class='ocrx_word' id='word_1_73' title='bbox 451 1053 676 1116; x_wconf 80' lang='lat' dir='ltr'><strong>incunctanter</strong></span> <span class='ocrx_word' id='word_1_74' title='bbox 703 1053 833 1117; x_wconf 84' lang='lat' dir='ltr'><strong>accedet</strong></span> <span class='ocrx_word' id='word_1_75' title='bbox 854 1073 914 1115; x_wconf 93' lang='lat' dir='ltr'><strong>nec</strong></span> <span class='ocrx_word' id='word_1_76' title='bbox 940 1052 1094 1115; x_wconf 86' lang='lat' dir='ltr'><strong>abnuisse</strong></span> 
     </span>
     <span class='ocr_line' id='line_1_13' title="bbox 123 1135 1092 1220; baseline 0 -21"><span class='ocrx_word' id='word_1_77' title='bbox 123 1136 282 1200; x_wconf 86' lang='lat' dir='ltr'><strong>dubitabit</strong></span> <span class='ocrx_word' id='word_1_78' title='bbox 303 1137 474 1220; x_wconf 89' lang='lat' dir='ltr'><strong>imperium</strong></span> <span class='ocrx_word' id='word_1_79' title='bbox 496 1137 541 1200; x_wconf 89' lang='lat' dir='ltr'><strong>sio</strong></span> <span class='ocrx_word' id='word_1_80' title='bbox 563 1137 804 1219; x_wconf 89' lang='lat' dir='ltr'><strong>imperaturum.</strong></span> <span class='ocrx_word' id='word_1_81' title='bbox 848 1135 897 1199; x_wconf 90' lang='lat' dir='ltr'><strong>illi</strong></span> <span class='ocrx_word' id='word_1_82' title='bbox 919 1136 1021 1218; x_wconf 89' lang='lat' dir='ltr'><strong>enim,</strong></span> <span class='ocrx_word' id='word_1_83' title='bbox 1045 1135 1092 1199; x_wconf 88' lang='lat' dir='ltr'><strong>illi</strong></span> 
     </span>
     <span class='ocr_line' id='line_1_14' title="bbox 123 1220 1093 1305; baseline 0.001 -22"><span class='ocrx_word' id='word_1_84' title='bbox 123 1221 216 1284; x_wconf 91' lang='lat' dir='ltr'><strong>auide</strong></span> <span class='ocrx_word' id='word_1_85' title='bbox 238 1243 338 1305; x_wconf 84' lang='lat' dir='ltr'><strong>regna</strong></span> <span class='ocrx_word' id='word_1_86' title='bbox 360 1221 543 1284; x_wconf 86' lang='lat' dir='ltr'><strong>desiderent</strong></span> <span class='ocrx_word' id='word_1_87' title='bbox 564 1242 643 1304; x_wconf 88' lang='lat' dir='ltr'><strong>quos</strong></span> <span class='ocrx_word' id='word_1_88' title='bbox 672 1223 775 1285; x_wconf 90' lang='lat' dir='ltr'><strong>soluta</strong></span> <span class='ocrx_word' id='word_1_89' title='bbox 796 1220 922 1304; x_wconf 83' lang='lat' dir='ltr'><strong>legibus</strong></span> <span class='ocrx_word' id='word_1_90' title='bbox 949 1221 1019 1283; x_wconf 90' lang='lat' dir='ltr'><strong>uita</strong></span> <span class='ocrx_word' id='word_1_91' title='bbox 1041 1220 1093 1284; x_wconf 91' lang='lat' dir='ltr'><strong>de-</strong></span> 
     </span>
     <span class='ocr_line' id='line_1_15' title="bbox 123 1304 1094 1389; baseline -0.001 -21"><span class='ocrx_word' id='word_1_92' title='bbox 123 1305 237 1389; x_wconf 80' lang='lat' dir='ltr'><strong>lectat,</strong></span> <span class='ocrx_word' id='word_1_93' title='bbox 260 1327 395 1388; x_wconf 88' lang='lat' dir='ltr'><strong>quorum</strong></span> <span class='ocrx_word' id='word_1_94' title='bbox 418 1304 588 1368; x_wconf 89' lang='lat' dir='ltr'><strong>crudelitas</strong></span> <span class='ocrx_word' id='word_1_95' title='bbox 610 1305 811 1368; x_wconf 88' lang='lat' dir='ltr'><strong>indemnatos</strong></span> <span class='ocrx_word' id='word_1_96' title='bbox 832 1304 985 1389; x_wconf 84' lang='lat' dir='ltr'><strong>necandi,</strong></span> <span class='ocrx_word' id='word_1_97' title='bbox 1007 1304 1094 1389; x_wconf 86' lang='lat' dir='ltr'><strong>cupi·</strong></span> 
     </span>
     <span class='ocr_line' id='line_1_16' title="bbox 124 1387 1094 1472; baseline -0.001 -20"><span class='ocrx_word' id='word_1_98' title='bbox 124 1389 206 1453; x_wconf 87' lang='lat' dir='ltr'><strong>ditas</strong></span> <span class='ocrx_word' id='word_1_99' title='bbox 233 1390 360 1472; x_wconf 90' lang='lat' dir='ltr'><strong>priuata</strong></span> <span class='ocrx_word' id='word_1_100' title='bbox 387 1389 548 1472; x_wconf 82' lang='lat' dir='ltr'><strong>rapiendi,</strong></span> <span class='ocrx_word' id='word_1_101' title='bbox 579 1389 678 1453; x_wconf 90' lang='lat' dir='ltr'><strong>libido</strong></span> <span class='ocrx_word' id='word_1_102' title='bbox 701 1389 837 1453; x_wconf 86' lang='lat' dir='ltr'><strong>honesta</strong></span> <span class='ocrx_word' id='word_1_103' title='bbox 861 1387 1016 1452; x_wconf 82' lang='lat' dir='ltr'><strong>foedandi</strong></span> <span class='ocrx_word' id='word_1_104' title='bbox 1044 1389 1094 1452; x_wconf 89' lang='lat' dir='ltr'><strong>ius</strong></span> 
     </span>
     <span class='ocr_line' id='line_1_17' title="bbox 85 1473 1096 1556; baseline -0.001 -20"><span class='ocrx_word' id='word_1_105' title='bbox 85 1488 111 1529; x_wconf 82' lang='lat'><strong>15</strong></span> <span class='ocrx_word' id='word_1_106' title='bbox 125 1477 220 1556; x_wconf 88' lang='lat' dir='ltr'><strong>atque</strong></span> <span class='ocrx_word' id='word_1_107' title='bbox 242 1474 464 1555; x_wconf 88' lang='lat' dir='ltr'><strong>impunitatem</strong></span> <span class='ocrx_word' id='word_1_108' title='bbox 489 1473 665 1556; x_wconf 90' lang='lat' dir='ltr'><strong>requirunt.</strong></span> <span class='ocrx_word' id='word_1_109' title='bbox 710 1474 784 1556; x_wconf 91' lang='lat' dir='ltr'><strong>quid</strong></span> <span class='ocrx_word' id='word_1_110' title='bbox 805 1478 863 1536; x_wconf 91' lang='lat' dir='ltr'><strong>tua</strong></span> <span class='ocrx_word' id='word_1_111' title='bbox 883 1473 1042 1535; x_wconf 84' lang='lat' dir='ltr'><strong>intererat</strong></span> <span class='ocrx_word' id='word_1_112' title='bbox 1062 1476 1096 1535; x_wconf 87' lang='lat' dir='ltr'><strong>te</strong></span> 
     </span>
     <span class='ocr_line' id='line_1_18' title="bbox 124 1556 1094 1640; baseline -0.001 -21"><span class='ocrx_word' id='word_1_113' title='bbox 124 1558 303 1640; x_wconf 91' lang='lat' dir='ltr'><strong>prinoipem</strong></span> <span class='ocrx_word' id='word_1_114' title='bbox 324 1557 408 1639; x_wconf 87' lang='lat' dir='ltr'><strong>fieri,</strong></span> <span class='ocrx_word' id='word_1_115' title='bbox 440 1560 495 1640; x_wconf 91' lang='lat' dir='ltr'><strong>qui</strong></span> <span class='ocrx_word' id='word_1_116' title='bbox 516 1557 644 1621; x_wconf 90' lang='lat' dir='ltr'><strong>futurus</strong></span> <span class='ocrx_word' id='word_1_117' title='bbox 668 1579 736 1620; x_wconf 89' lang='lat' dir='ltr'><strong>eras</strong></span> <span class='ocrx_word' id='word_1_118' title='bbox 759 1558 793 1621; x_wconf 92' lang='lat' dir='ltr'><strong>in</strong></span> <span class='ocrx_word' id='word_1_119' title='bbox 816 1557 1008 1639; x_wconf 86' lang='lat' dir='ltr'><strong>imperatore</strong></span> <span class='ocrx_word' id='word_1_120' title='bbox 1029 1556 1094 1640; x_wconf 90' lang='lat' dir='ltr'><strong>pri·</strong></span> 
     </span>
     <span class='ocr_line' id='line_1_19' title="bbox 124 1640 1095 1723; baseline 0.001 -20"><span class='ocrx_word' id='word_1_121' title='bbox 124 1641 243 1703; x_wconf 79' lang='lat' dir='ltr'><strong>uatus?</strong></span> <span class='ocrx_word' id='word_1_122' title='bbox 286 1641 350 1704; x_wconf 92' lang='lat' dir='ltr'><strong>nisi</strong></span> <span class='ocrx_word' id='word_1_123' title='bbox 372 1641 455 1704; x_wconf 86' lang='lat' dir='ltr'><strong>forte</strong></span> <span class='ocrx_word' id='word_1_124' title='bbox 476 1644 512 1706; x_wconf 90' lang='lat' dir='ltr'><strong>in</strong></span> <span class='ocrx_word' id='word_1_125' title='bbox 534 1645 566 1705; x_wconf 89' lang='lat' dir='ltr'><strong>te</strong></span> <span class='ocrx_word' id='word_1_126' title='bbox 588 1641 684 1706; x_wconf 89' lang='lat' dir='ltr'><strong>hodie</strong></span> <span class='ocrx_word' id='word_1_127' title='bbox 713 1645 768 1705; x_wconf 88' lang='lat' dir='ltr'><strong>aut</strong></span> <span class='ocrx_word' id='word_1_128' title='bbox 788 1640 963 1723; x_wconf 87' lang='lat' dir='ltr'><strong>pudicitiae</strong></span> <span class='ocrx_word' id='word_1_129' title='bbox 984 1640 1095 1704; x_wconf 87' lang='lat' dir='ltr'><strong>remis-</strong></span> 
     </span>
     <span class='ocr_line' id='line_1_20' title="bbox 125 1723 1098 1809; baseline 0.001 -23"><span class='ocrx_word' id='word_1_130' title='bbox 125 1725 188 1786; x_wconf 90' lang='lat' dir='ltr'><strong>sior</strong></span> <span class='ocrx_word' id='word_1_131' title='bbox 214 1723 319 1788; x_wconf 89' lang='lat' dir='ltr'><strong>cultus</strong></span> <span class='ocrx_word' id='word_1_132' title='bbox 347 1729 403 1788; x_wconf 89' lang='lat' dir='ltr'><strong>aut</strong></span> <span class='ocrx_word' id='word_1_133' title='bbox 426 1727 529 1789; x_wconf 84' lang='lat' dir='ltr'><strong>minor</strong></span> <span class='ocrx_word' id='word_1_134' title='bbox 556 1725 724 1809; x_wconf 82' lang='lat' dir='ltr'><strong>sanguinis</strong></span> <span class='ocrx_word' id='word_1_135' title='bbox 747 1726 879 1789; x_wconf 91' lang='lat' dir='ltr'><strong>humani</strong></span> <span class='ocrx_word' id='word_1_136' title='bbox 906 1727 1011 1788; x_wconf 91' lang='lat' dir='ltr'><strong>metus</strong></span> <span class='ocrx_word' id='word_1_137' title='bbox 1040 1728 1098 1788; x_wconf 89' lang='lat' dir='ltr'><strong>aut</strong></span> 
     </span>
     <span class='ocr_line' id='line_1_21' title="bbox 126 1807 1095 1892; baseline 0.002 -23"><span class='ocrx_word' id='word_1_138' title='bbox 126 1807 249 1869; x_wconf 89' lang='lat' dir='ltr'><strong>alienae</strong></span> <span class='ocrx_word' id='word_1_139' title='bbox 275 1808 322 1869; x_wconf 90' lang='lat' dir='ltr'><strong>rei</strong></span> <span class='ocrx_word' id='word_1_140' title='bbox 348 1809 451 1870; x_wconf 91' lang='lat' dir='ltr'><strong>maior</strong></span> <span class='ocrx_word' id='word_1_141' title='bbox 479 1813 528 1873; x_wconf 89' lang='lat' dir='ltr'><strong>est</strong></span> <span class='ocrx_word' id='word_1_142' title='bbox 550 1810 720 1892; x_wconf 86' lang='lat' dir='ltr'><strong>appetitus.</strong></span> <span class='ocrx_word' id='word_1_143' title='bbox 764 1809 849 1872; x_wconf 90' lang='lat' dir='ltr'><strong>idem</strong></span> <span class='ocrx_word' id='word_1_144' title='bbox 871 1830 904 1872; x_wconf 86' lang='lat' dir='ltr'><strong>es</strong></span> <span class='ocrx_word' id='word_1_145' title='bbox 927 1809 982 1892; x_wconf 92' lang='lat' dir='ltr'><strong>qui</strong></span> <span class='ocrx_word' id='word_1_146' title='bbox 1003 1807 1095 1872; x_wconf 89' lang='lat' dir='ltr'><strong>fuisti</strong></span> 
     </span>
     <span class='ocr_line' id='line_1_22' title="bbox 87 1890 1095 1977; baseline 0.011 -30"><span class='ocrx_word' id='word_1_147' title='bbox 87 1906 113 1947; x_wconf 81' lang='lat' dir='ltr'><strong>so</strong></span> <span class='ocrx_word' id='word_1_148' title='bbox 127 1892 159 1953; x_wconf 92' lang='lat' dir='ltr'><strong>et</strong></span> <span class='ocrx_word' id='word_1_149' title='bbox 173 1891 300 1952; x_wconf 89' lang='lat' dir='ltr'><strong>tantum</strong></span> <span class='ocrx_word' id='word_1_150' title='bbox 315 1890 375 1953; x_wconf 93' lang='lat' dir='ltr'><strong>tibi</strong></span> <span class='ocrx_word' id='word_1_151' title='bbox 396 1896 499 1973; x_wconf 87' lang='lat' dir='ltr'><strong>perte</strong></span> <span class='ocrx_word' id='word_1_152' title='bbox 513 1893 590 1955; x_wconf 89' lang='lat' dir='ltr'><strong>licet</strong></span> <span class='ocrx_word' id='word_1_153' title='bbox 610 1897 765 1975; x_wconf 91' lang='lat' dir='ltr'><strong>quantum</strong></span> <span class='ocrx_word' id='word_1_154' title='bbox 784 1914 843 1977; x_wconf 91' lang='lat' dir='ltr'><strong>per</strong></span> <span class='ocrx_word' id='word_1_155' title='bbox 856 1892 945 1976; x_wconf 86' lang='lat' dir='ltr'><strong>leges</strong></span> <span class='ocrx_word' id='word_1_156' title='bbox 965 1892 1095 1959; x_wconf 86' lang='lat' dir='ltr'><strong>licebat.</strong></span> 
     </span>
     <span class='ocr_line' id='line_1_23' title="bbox 125 1973 1095 2060; baseline 0.003 -24"><span class='ocrx_word' id='word_1_157' title='bbox 125 1973 174 2037; x_wconf 91' lang='lat' dir='ltr'><strong>ius</strong></span> <span class='ocrx_word' id='word_1_158' title='bbox 203 1995 361 2037; x_wconf 91' lang='lat' dir='ltr'><strong>summum</strong></span> <span class='ocrx_word' id='word_1_159' title='bbox 389 1975 543 2040; x_wconf 85' lang='lat' dir='ltr'><strong>facultate</strong></span> <span class='ocrx_word' id='word_1_160' title='bbox 576 1980 608 2039; x_wconf 89' lang='lat' dir='ltr'><strong>et</strong></span> <span class='ocrx_word' id='word_1_161' title='bbox 636 1977 728 2060; x_wconf 89' lang='lat' dir='ltr'><strong>copia</strong></span> <span class='ocrx_word' id='word_1_162' title='bbox 757 1976 996 2058; x_wconf 86' lang='lat' dir='ltr'><strong>commodandi,</strong></span> <span class='ocrx_word' id='word_1_163' title='bbox 1028 1997 1095 2040; x_wconf 93' lang='lat' dir='ltr'><strong>non</strong></span> 
     </span>
     <span class='ocr_line' id='line_1_24' title="bbox 126 2059 1096 2145; baseline 0.002 -23"><span class='ocrx_word' id='word_1_164' title='bbox 126 2059 295 2122; x_wconf 86' lang='lat' dir='ltr'><strong>securitate</strong></span> <span class='ocrx_word' id='word_1_165' title='bbox 322 2062 476 2142; x_wconf 88' lang='lat' dir='ltr'><strong>peccandi</strong></span> <span class='ocrx_word' id='word_1_166' title='bbox 509 2061 671 2145; x_wconf 85' lang='lat' dir='ltr'><strong>experiris.</strong></span> <span class='ocrx_word' id='word_1_167' title='bbox 714 2083 815 2124; x_wconf 91' lang='lat' dir='ltr'><strong>unum</strong></span> <span class='ocrx_word' id='word_1_168' title='bbox 842 2061 902 2125; x_wconf 89' lang='lat' dir='ltr'><strong>tibi</strong></span> <span class='ocrx_word' id='word_1_169' title='bbox 932 2061 1096 2144; x_wconf 88' lang='lat' dir='ltr'><strong>praestitit</strong></span> 
     </span>
     <span class='ocr_line' id='line_1_25' title="bbox 126 2143 1098 2226; baseline 0.003 -20"><span class='ocrx_word' id='word_1_170' title='bbox 126 2143 325 2226; x_wconf 87' lang='lat' dir='ltr'><strong>principatus</strong></span> <span class='ocrx_word' id='word_1_171' title='bbox 352 2147 389 2208; x_wconf 91' lang='lat' dir='ltr'><strong>ut</strong></span> <span class='ocrx_word' id='word_1_172' title='bbox 417 2148 539 2209; x_wconf 87' lang='lat' dir='ltr'><strong>certum</strong></span> <span class='ocrx_word' id='word_1_173' title='bbox 567 2145 742 2210; x_wconf 90' lang='lat' dir='ltr'><strong>habeamus</strong></span> <span class='ocrx_word' id='word_1_174' title='bbox 770 2166 881 2208; x_wconf 89' lang='lat' dir='ltr'><strong>omnes</strong></span> <span class='ocrx_word' id='word_1_175' title='bbox 910 2145 1008 2208; x_wconf 89' lang='lat' dir='ltr'><strong>etiam</strong></span> <span class='ocrx_word' id='word_1_176' title='bbox 1036 2145 1098 2209; x_wconf 90' lang='lat' dir='ltr'><strong>sub</strong></span> 
     </span>
     <span class='ocr_line' id='line_1_26' title="bbox 125 2228 1097 2313; baseline 0.001 -23"><span class='ocrx_word' id='word_1_177' title='bbox 125 2229 370 2310; x_wconf 88' lang='lat' dir='ltr'><strong>imperatoribus</strong></span> <span class='ocrx_word' id='word_1_178' title='bbox 392 2229 464 2292; x_wconf 90' lang='lat' dir='ltr'><strong>aliis</strong></span> <span class='ocrx_word' id='word_1_179' title='bbox 486 2231 604 2293; x_wconf 85' lang='lat' dir='ltr'><strong>uixisse</strong></span> <span class='ocrx_word' id='word_1_180' title='bbox 625 2233 657 2293; x_wconf 89' lang='lat' dir='ltr'><strong>te</strong></span> <span class='ocrx_word' id='word_1_181' title='bbox 679 2230 805 2313; x_wconf 80' lang='lat' dir='ltr'><strong>legibus</strong></span> <span class='ocrx_word' id='word_1_182' title='bbox 828 2230 900 2293; x_wconf 91' lang='lat' dir='ltr'><strong>tuis.</strong></span> <span class='ocrx_word' id='word_1_183' title='bbox 941 2228 1097 2312; x_wconf 90' lang='lat' dir='ltr'><strong>namqui</strong></span> 
     </span>
     <span class='ocr_line' id='line_1_27' title="bbox 88 2311 1032 2398; baseline 0.001 -23"><span class='ocrx_word' id='word_1_184' title='bbox 88 2324 114 2365; x_wconf 82' lang='lat'><strong>2⁵</strong></span> <span class='ocrx_word' id='word_1_185' title='bbox 126 2311 208 2375; x_wconf 92' lang='lat' dir='ltr'><strong>nihil</strong></span> <span class='ocrx_word' id='word_1_186' title='bbox 230 2312 311 2376; x_wconf 86' lang='lat' dir='ltr'><strong>facit</strong></span> <span class='ocrx_word' id='word_1_187' title='bbox 332 2313 466 2376; x_wconf 89' lang='lat' dir='ltr'><strong>licenter</strong></span> <span class='ocrx_word' id='word_1_188' title='bbox 487 2335 559 2378; x_wconf 90' lang='lat' dir='ltr'><strong>cum</strong></span> <span class='ocrx_word' id='word_1_189' title='bbox 581 2316 701 2396; x_wconf 86' lang='lat' dir='ltr'><strong>potest,</strong></span> <span class='ocrx_word' id='word_1_190' title='bbox 725 2335 899 2398; x_wconf 91' lang='lat' dir='ltr'><strong>numquam</strong></span> <span class='ocrx_word' id='word_1_191' title='bbox 920 2313 1032 2376; x_wconf 90' lang='lat' dir='ltr'><strong>uoluit.</strong></span> 
     </span>
     <span class='ocr_line' id='line_1_28' title="bbox 190 2394 1096 2480; baseline 0.002 -22"><span class='ocrx_word' id='word_1_192' title='bbox 190 2395 281 2459; x_wconf 90' lang='lat' dir='ltr'>XIII.</span> <span class='ocrx_word' id='word_1_193' title='bbox 325 2394 409 2470; x_wconf 80' lang='lat' dir='ltr'><strong>Quin</strong></span> <span class='ocrx_word' id='word_1_194' title='bbox 436 2398 491 2461; x_wconf 93' lang='lat' dir='ltr'><strong>ubi</strong></span> <span class='ocrx_word' id='word_1_195' title='bbox 513 2399 653 2480; x_wconf 88' lang='lat' dir='ltr'><strong>primum</strong></span> <span class='ocrx_word' id='word_1_196' title='bbox 674 2400 706 2461; x_wconf 92' lang='lat' dir='ltr'><strong>te</strong></span> <span class='ocrx_word' id='word_1_197' title='bbox 733 2399 867 2480; x_wconf 88' lang='lat' dir='ltr'><strong>imperio</strong></span> <span class='ocrx_word' id='word_1_198' title='bbox 893 2396 1096 2480; x_wconf 84' lang='lat' dir='ltr'><strong>praestitisti,</strong></span> 
     </span>
     <span class='ocr_line' id='line_1_29' title="bbox 126 2480 1096 2563; baseline 0.004 -22"><span class='ocrx_word' id='word_1_199' title='bbox 126 2500 193 2542; x_wconf 91' lang='lat' dir='ltr'><strong>non</strong></span> <span class='ocrx_word' id='word_1_200' title='bbox 217 2482 386 2543; x_wconf 90' lang='lat' dir='ltr'><strong>contentus</strong></span> <span class='ocrx_word' id='word_1_201' title='bbox 408 2482 477 2563; x_wconf 88' lang='lat' dir='ltr'><strong>ipse</strong></span> <span class='ocrx_word' id='word_1_202' title='bbox 500 2483 580 2545; x_wconf 87' lang='lat' dir='ltr'><strong>citra</strong></span> <span class='ocrx_word' id='word_1_203' title='bbox 597 2483 677 2545; x_wconf 90' lang='lat' dir='ltr'><strong>uitia</strong></span> <span class='ocrx_word' id='word_1_204' title='bbox 699 2483 868 2546; x_wconf 85' lang='lat' dir='ltr'><strong>recessisse</strong></span> <span class='ocrx_word' id='word_1_205' title='bbox 890 2481 1027 2545; x_wconf 87' lang='lat' dir='ltr'><strong>aliorum</strong></span> <span class='ocrx_word' id='word_1_206' title='bbox 1048 2480 1096 2545; x_wconf 89' lang='lat' dir='ltr'><strong>ui·</strong></span> 
     </span>
     <span class='ocr_line' id='line_1_30' title="bbox 126 2562 1097 2649; baseline 0.005 -26"><span class='ocrx_word' id='word_1_207' title='bbox 126 2562 180 2624; x_wconf 85' lang='lat' dir='ltr'><strong>tiis</strong></span> <span class='ocrx_word' id='word_1_208' title='bbox 204 2563 400 2646; x_wconf 82' lang='lat' dir='ltr'><strong>corrigendis</strong></span> <span class='ocrx_word' id='word_1_209' title='bbox 423 2585 533 2628; x_wconf 89' lang='lat' dir='ltr'><strong>curam</strong></span> <span class='ocrx_word' id='word_1_210' title='bbox 555 2565 714 2648; x_wconf 81' lang='lat' dir='ltr'><strong>adiecisti3</strong></span> <span class='ocrx_word' id='word_1_211' title='bbox 742 2565 836 2649; x_wconf 89' lang='lat' dir='ltr'><strong>idque</strong></span> <span class='ocrx_word' id='word_1_212' title='bbox 858 2565 1036 2648; x_wconf 84' lang='lat' dir='ltr'><strong>moderate,</strong></span> <span class='ocrx_word' id='word_1_213' title='bbox 1059 2567 1097 2628; x_wconf 88' lang='lat' dir='ltr'><strong>ut</strong></span> 
     </span>
     <span class='ocr_line' id='line_1_31' title="bbox 127 2646 1097 2734; baseline 0.003 -26"><span class='ocrx_word' id='word_1_214' title='bbox 127 2646 258 2708; x_wconf 89' lang='lat' dir='ltr'><strong>suadere</strong></span> <span class='ocrx_word' id='word_1_215' title='bbox 308 2647 390 2709; x_wconf 90' lang='lat' dir='ltr'><strong>otius</strong></span> <span class='ocrx_word' id='word_1_216' title='bbox 418 2647 553 2711; x_wconf 89' lang='lat' dir='ltr'><strong>honesta</strong></span> <span class='ocrx_word' id='word_1_217' title='bbox 581 2671 676 2731; x_wconf 90' lang='lat' dir='ltr'><strong>quam</strong></span> <span class='ocrx_word' id='word_1_218' title='bbox 708 2671 822 2734; x_wconf 83' lang='lat' dir='ltr'><strong>cogere</strong></span> <span class='ocrx_word' id='word_1_219' title='bbox 854 2649 1018 2714; x_wconf 88' lang='lat' dir='ltr'><strong>uidereris.</strong></span> <span class='ocrx_word' id='word_1_220' title='bbox 1063 2652 1097 2711; x_wconf 88' lang='lat' dir='ltr'><strong>ct</strong></span> 
     </span>
     <span class='ocr_line' id='line_1_32' title="bbox 88 2667 1096 2816; baseline 0.003 -24"><span class='ocrx_word' id='word_1_221' title='bbox 88 2742 114 2783; x_wconf 77' lang='lat'><strong>³⁰</strong></span> <span class='ocrx_word' id='word_1_222' title='bbox 128 2728 202 2812; x_wconf 89' lang='lat' dir='ltr'><strong>quia</strong></span> <span class='ocrx_word' id='word_1_223' title='bbox 222 2729 274 2791; x_wconf 91' lang='lat' dir='ltr'><strong>uel</strong></span> <span class='ocrx_word' id='word_1_224' title='bbox 285 2667 388 2812; x_wconf 73' lang='lat' dir='ltr'><strong>longo</strong></span> <span class='ocrx_word' id='word_1_225' title='bbox 411 2731 545 2795; x_wconf 87' lang='lat' dir='ltr'><strong>orientis</strong></span> <span class='ocrx_word' id='word_1_226' title='bbox 563 2754 624 2796; x_wconf 92' lang='lat' dir='ltr'><strong>usu</strong></span> <span class='ocrx_word' id='word_1_227' title='bbox 645 2734 697 2797; x_wconf 90' lang='lat' dir='ltr'><strong>uel</strong></span> <span class='ocrx_word' id='word_1_228' title='bbox 710 2734 885 2797; x_wconf 91' lang='lat' dir='ltr'><strong>multorum</strong></span> <span class='ocrx_word' id='word_1_229' title='bbox 906 2736 992 2797; x_wconf 91' lang='lat' dir='ltr'><strong>retro</strong></span> <span class='ocrx_word' id='word_1_230' title='bbox 1008 2732 1096 2816; x_wconf 91' lang='lat' dir='ltr'><strong>prin-</strong></span> 
     </span>
     <span class='ocr_line' id='line_1_33' title="bbox 128 2813 1098 2900; baseline 0.003 -24"><span class='ocrx_word' id='word_1_231' title='bbox 128 2814 236 2896; x_wconf 91' lang='lat' dir='ltr'><strong>cipum</strong></span> <span class='ocrx_word' id='word_1_232' title='bbox 257 2813 442 2878; x_wconf 90' lang='lat' dir='ltr'><strong>remissione</strong></span> <span class='ocrx_word' id='word_1_233' title='bbox 462 2817 573 2879; x_wconf 88' lang='lat' dir='ltr'><strong>tantus</strong></span> <span class='ocrx_word' id='word_1_234' title='bbox 595 2817 749 2900; x_wconf 88' lang='lat' dir='ltr'><strong>quosdam</strong></span> <span class='ocrx_word' id='word_1_235' title='bbox 770 2818 863 2880; x_wconf 86' lang='lat' dir='ltr'><strong>luxus</strong></span> <span class='ocrx_word' id='word_1_236' title='bbox 883 2817 1041 2881; x_wconf 87' lang='lat' dir='ltr'><strong>infecerat</strong></span> <span class='ocrx_word' id='word_1_237' title='bbox 1060 2818 1098 2879; x_wconf 89' lang='lat' dir='ltr'><strong>ut</strong></span> 
     </span>
    </p>
   </div>
   <div class='ocr_carea' id='block_1_4' title="bbox 126 3049 1097 3387">
    <p class='ocr_par' dir='ltr' id='par_1_7' title="bbox 126 3049 1097 3387">
     <span class='ocr_line' id='line_1_34' title="bbox 197 3049 1097 3119; baseline 0.007 -22"><span class='ocrx_word' id='word_1_238' title='bbox 197 3049 343 3114; x_wconf 71' lang='lat' dir='ltr'><strong>lcblitig</strong></span> <span class='ocrx_word' id='word_1_239' title='bbox 371 3050 375 3112; x_wconf 94' lang='grc' dir='ltr'>Ι</span> <span class='ocrx_word' id='word_1_240' title='bbox 403 3050 499 3115; x_wconf 88' lang='lat' dir='ltr'><strong>caede]</strong></span> <span class='ocrx_word' id='word_1_241' title='bbox 524 3054 589 3102; x_wconf 90' lang='lat' dir='ltr'><strong>sede</strong></span> <span class='ocrx_word' id='word_1_242' title='bbox 608 3056 625 3102; x_wconf 82' lang='lat'><strong>0</strong></span> <span class='ocrx_word' id='word_1_243' title='bbox 647 3053 699 3102; x_wconf 88' lang='lat' dir='ltr'><strong>fids</strong></span> <span class='ocrx_word' id='word_1_244' title='bbox 717 3055 774 3104; x_wconf 83' lang='lat' dir='ltr'><strong>edd.</strong></span> <span class='ocrx_word' id='word_1_245' title='bbox 805 3053 815 3119; x_wconf 78' lang='lat' dir='ltr'><strong>II</strong></span> <span class='ocrx_word' id='word_1_246' title='bbox 845 3056 1053 3119; x_wconf 83' lang='lat' dir='ltr'><strong>2paciscsntes</strong></span> <span class='ocrx_word' id='word_1_247' title='bbox 1072 3068 1097 3103; x_wconf 77' lang='lat' dir='ltr'>v</span> 
     </span>
     <span class='ocr_line' id='line_1_35' title="bbox 131 3114 1095 3187; baseline 0.01 -25"><span class='ocrx_word' id='word_1_248' title='bbox 131 3114 143 3179; x_wconf 76' lang='lat' dir='ltr'><strong>II</strong></span> <span class='ocrx_word' id='word_1_249' title='bbox 173 3117 241 3163; x_wconf 73' lang='lat' dir='ltr'><strong>dns</strong></span> <span class='ocrx_word' id='word_1_250' title='bbox 259 3116 400 3165; x_wconf 82' lang='lat' dir='ltr'><strong>dederetur</strong></span> <span class='ocrx_word' id='word_1_251' title='bbox 417 3119 450 3165; x_wconf 88' lang='lat' dir='ltr'>W</span> <span class='ocrx_word' id='word_1_252' title='bbox 479 3117 489 3183; x_wconf 87' lang='grc' dir='ltr'><strong>ΙΙ</strong></span> <span class='ocrx_word' id='word_1_253' title='bbox 519 3117 677 3185; x_wconf 82' lang='lat' dir='ltr'><strong>6gratios.]</strong></span> <span class='ocrx_word' id='word_1_254' title='bbox 696 3122 843 3185; x_wconf 84' lang='lat' dir='ltr'><strong>glorIosam</strong></span> <span class='ocrx_word' id='word_1_255' title='bbox 862 3125 920 3173; x_wconf 84' lang='lat' dir='ltr'><strong>edd.</strong></span> <span class='ocrx_word' id='word_1_256' title='bbox 950 3119 960 3187; x_wconf 84' lang='grc' dir='ltr'><strong>ΙΙ</strong></span> <span class='ocrx_word' id='word_1_257' title='bbox 991 3124 1024 3172; x_wconf 82' lang='grc'><strong>14</strong></span> <span class='ocrx_word' id='word_1_258' title='bbox 1041 3119 1095 3186; x_wconf 84' lang='lat' dir='ltr'><strong>ius]</strong></span> 
     </span>
     <span class='ocr_line' id='line_1_36' title="bbox 126 3182 1096 3252; baseline 0.01 -22"><span class='ocrx_word' id='word_1_259' title='bbox 126 3182 184 3231; x_wconf 86' lang='lat' dir='ltr'><strong>uim</strong></span> <span class='ocrx_word' id='word_1_260' title='bbox 201 3182 416 3245; x_wconf 76' lang='lat' dir='ltr'><strong>Eyssenhardeus.</strong></span> <span class='ocrx_word' id='word_1_261' title='bbox 444 3203 478 3235; x_wconf 78' lang='lat' dir='ltr'><strong>aa</strong></span> <span class='ocrx_word' id='word_1_262' title='bbox 496 3190 598 3236; x_wconf 85' lang='lat' dir='ltr'><strong>usum?</strong></span> <span class='ocrx_word' id='word_1_263' title='bbox 628 3187 637 3252; x_wconf 88' lang='lat' dir='ltr'>I</span> <span class='ocrx_word' id='word_1_264' title='bbox 668 3190 700 3238; x_wconf 82' lang='lat'><strong>15</strong></span> <span class='ocrx_word' id='word_1_265' title='bbox 718 3191 953 3252; x_wconf 87' lang='lat' dir='ltr'><strong>importunitatem</strong></span> <span class='ocrx_word' id='word_1_266' title='bbox 971 3191 995 3239; x_wconf 79' lang='lat' dir='ltr'>A</span> <span class='ocrx_word' id='word_1_267' title='bbox 1064 3191 1096 3240; x_wconf 77' lang='lat'><strong>23</strong></span> 
     </span>
     <span class='ocr_line' id='line_1_37' title="bbox 127 3249 1095 3322; baseline 0.008 -24"><span class='ocrx_word' id='word_1_268' title='bbox 127 3249 290 3298; x_wconf 84' lang='lat' dir='ltr'><strong>haberemus</strong></span> <span class='ocrx_word' id='word_1_269' title='bbox 312 3251 369 3300; x_wconf 86' lang='lat' dir='ltr'><strong>edd.</strong></span> <span class='ocrx_word' id='word_1_270' title='bbox 405 3250 415 3315; x_wconf 92' lang='lat' dir='ltr'>I</span> <span class='ocrx_word' id='word_1_271' title='bbox 449 3256 482 3303; x_wconf 84' lang='grc'><strong>25</strong></span> <span class='ocrx_word' id='word_1_272' title='bbox 504 3254 622 3304; x_wconf 88' lang='lat' dir='ltr'><strong>libenter</strong></span> <span class='ocrx_word' id='word_1_273' title='bbox 645 3257 678 3303; x_wconf 84' lang='lat' dir='ltr'><strong>W</strong></span> <span class='ocrx_word' id='word_1_274' title='bbox 711 3253 720 3319; x_wconf 83' lang='grc' dir='ltr'><strong>ΙΙ</strong></span> <span class='ocrx_word' id='word_1_275' title='bbox 755 3256 787 3305; x_wconf 86' lang='grc'><strong>26</strong></span> <span class='ocrx_word' id='word_1_276' title='bbox 809 3253 870 3322; x_wconf 86' lang='lat' dir='ltr'><strong>ubi]</strong></span> <span class='ocrx_word' id='word_1_277' title='bbox 895 3259 989 3308; x_wconf 76' lang='lat' dir='ltr'><strong>tibio</strong></span> <span class='ocrx_word' id='word_1_278' title='bbox 1064 3258 1095 3306; x_wconf 72' lang='grc'><strong>22</strong></span> 
     </span>
     <span class='ocr_line' id='line_1_38' title="bbox 127 3317 1097 3387; baseline 0.008 -22"><span class='ocrx_word' id='word_1_279' title='bbox 127 3317 199 3365; x_wconf 86' lang='lat' dir='ltr'><strong>oItra</strong></span> <span class='ocrx_word' id='word_1_280' title='bbox 221 3317 352 3379; x_wconf 79' lang='lat' dir='ltr'><strong>Hauptt&#39;us</strong></span> <span class='ocrx_word' id='word_1_281' title='bbox 372 3318 462 3372; x_wconf 80' lang='lat' dir='ltr'><strong>Herm.</strong></span> <span class='ocrx_word' id='word_1_282' title='bbox 480 3321 530 3369; x_wconf 90' lang='lat' dir='ltr'><strong>IV</strong></span> <span class='ocrx_word' id='word_1_283' title='bbox 547 3339 575 3384; x_wconf 89' lang='lat' dir='ltr'><strong>p.</strong></span> <span class='ocrx_word' id='word_1_284' title='bbox 595 3325 664 3373; x_wconf 81' lang='lat'><strong><em>332:</em></strong></span> <span class='ocrx_word' id='word_1_285' title='bbox 691 3324 763 3372; x_wconf 88' lang='lat' dir='ltr'><strong>ultra</strong></span> <span class='ocrx_word' id='word_1_286' title='bbox 785 3324 813 3369; x_wconf 78' lang='grc' dir='ltr'>Μ</span> <span class='ocrx_word' id='word_1_287' title='bbox 835 3323 910 3374; x_wconf 81' lang='lat' dir='ltr'><strong>Bert.</strong></span> <span class='ocrx_word' id='word_1_288' title='bbox 943 3324 948 3387; x_wconf 90' lang='grc' dir='ltr'>Ι</span> <span class='ocrx_word' id='word_1_289' title='bbox 981 3322 1097 3375; x_wconf 86' lang='lat' dir='ltr'><strong>ullorum</strong></span> 
     </span>
    </p>
   </div>
   <div class='ocr_carea' id='block_1_5' title="bbox 127 3383 1098 3500">
    <p class='ocr_par' dir='ltr' id='par_1_8' title="bbox 127 3383 1098 3500">
     <span class='ocr_line' id='line_1_39' title="bbox 127 3383 1098 3499; baseline 0.009 -68"><span class='ocrx_word' id='word_1_290' title='bbox 127 3383 263 3499; x_wconf 51' lang='lat' dir='ltr'><strong>landaph:</strong></span> <span class='ocrx_word' id='word_1_291' title='bbox 294 3383 394 3435; x_wconf 84' lang='lat' dir='ltr'><strong>allenIs</strong></span> <span class='ocrx_word' id='word_1_292' title='bbox 416 3387 436 3435; x_wconf 76' lang='lat' dir='ltr'>B</span> <span class='ocrx_word' id='word_1_293' title='bbox 455 3390 472 3435; x_wconf 83' lang='lat'><strong>0</strong></span> <span class='ocrx_word' id='word_1_294' title='bbox 489 3389 512 3435; x_wconf 82' lang='lat' dir='ltr'><strong>V</strong></span> <span class='ocrx_word' id='word_1_295' title='bbox 527 3388 561 3436; x_wconf 80' lang='lat' dir='ltr'>W</span> <span class='ocrx_word' id='word_1_296' title='bbox 592 3389 597 3453; x_wconf 88' lang='grc'>1</span> <span class='ocrx_word' id='word_1_297' title='bbox 629 3388 719 3455; x_wconf 88' lang='lat' dir='ltr'><strong>uitiis]</strong></span> <span class='ocrx_word' id='word_1_298' title='bbox 744 3405 814 3439; x_wconf 87' lang='lat' dir='ltr'><strong>unus</strong></span> <span class='ocrx_word' id='word_1_299' title='bbox 838 3389 913 3443; x_wconf 68' lang='lat' dir='ltr'><strong>Bere.</strong></span> <span class='ocrx_word' id='word_1_300' title='bbox 950 3390 960 3457; x_wconf 91' lang='grc' dir='ltr'><strong>ΙΙ</strong></span> <span class='ocrx_word' id='word_1_301' title='bbox 994 3392 1029 3442; x_wconf 86' lang='grc'><strong>28</strong></span> <span class='ocrx_word' id='word_1_302' title='bbox 1051 3406 1098 3442; x_wconf 85' lang='lat' dir='ltr'><strong>cu-</strong></span> 
     </span>
     <span class='ocr_line' id='line_1_40' title="bbox 144 3465 190 3500; baseline 0.022 -1"><span class='ocrx_word' id='word_1_303' title='bbox 144 3465 190 3500; x_wconf 85' lang='lat' dir='ltr'><strong>ar</strong></span> 
     </span>
    </p>
   </div>
   <div class='ocr_carea' id='block_1_6' title="bbox 0 0 1160 3780">
    <p class='ocr_par' dir='ltr' id='par_1_9' title="bbox 0 0 1160 3780">
     <span class='ocr_line' id='line_1_41' title="bbox 0 0 1160 3780; baseline 0 0"><span class='ocrx_word' id='word_1_304' title='bbox 0 0 1160 3780; x_wconf 95' lang='lat' dir='ltr'><strong> </strong></span> 
     </span>
    </p>
   </div>
  </div>
 </body>
</html>
