<?xml version="1.0" encoding="UTF-8"?>
<!DOCTYPE html PUBLIC "-//W3C//DTD XHTML 1.0 Transitional//EN"
    "http://www.w3.org/TR/xhtml1/DTD/xhtml1-transitional.dtd">
<html xmlns="http://www.w3.org/1999/xhtml" xml:lang="en" lang="en">
 <head>
  <title>
</title>
<meta http-equiv="Content-Type" content="text/html;charset=utf-8" />
  <meta name='ocr-system' content='tesseract 3.04.00' />
  <meta name='ocr-capabilities' content='ocr_page ocr_carea ocr_par ocr_line ocrx_word'/>
</head>
<body>
  <div class='ocr_page' id='page_1' title='image "./xiipanegyricila00baehgoog_0195.png"; bbox 0 0 2294 3780; ppageno 0'>
   <div class='ocr_carea' id='block_1_1' title="bbox 100 137 832 204">
    <p class='ocr_par' dir='ltr' id='par_1_1' title="bbox 100 137 832 204">
     <span class='ocr_line' id='line_1_1' title="bbox 100 137 832 204; baseline -0.033 1"><span class='ocrx_word' id='word_1_1' title='bbox 100 139 162 204; x_wconf 85' lang='lat'><strong>160</strong></span> <span class='ocrx_word' id='word_1_2' title='bbox 412 141 475 192; x_wconf 82' lang='lat' dir='ltr'><strong>vn.</strong></span> <span class='ocrx_word' id='word_1_3' title='bbox 503 138 653 191; x_wconf 77' lang='lat' dir='ltr'><strong>ruerem</strong></span> <span class='ocrx_word' id='word_1_4' title='bbox 671 137 752 190; x_wconf 77' lang='lat' dir='ltr'><strong>esu.</strong></span> <span class='ocrx_word' id='word_1_5' title='bbox 830 174 832 181; x_wconf 91' lang='lat'><em>.</em></span> 
     </span>
    </p>
   </div>
   <div class='ocr_carea' id='block_1_2' title="bbox 546 280 926 399">
    <p class='ocr_par' dir='ltr' id='par_1_2' title="bbox 546 280 926 399">
     <span class='ocr_line' id='line_1_2' title="bbox 546 280 926 399; baseline -0.024 -31"><span class='ocrx_word' id='word_1_6' title='bbox 546 324 623 399; x_wconf 40' lang='lat' dir='ltr'><strong>VH·</strong></span> <span class='ocrx_word' id='word_1_7' title='bbox 658 280 926 370; x_wconf 51' lang='lat' dir='ltr'><strong>Metro</strong></span> 
     </span>
    </p>
   </div>
   <div class='ocr_carea' id='block_1_3' title="bbox 395 475 768 574">
    <p class='ocr_par' dir='ltr' id='par_1_3' title="bbox 395 475 768 574">
     <span class='ocr_line' id='line_1_3' title="bbox 395 475 768 574; baseline -0.003 -2"><span class='ocrx_word' id='word_1_8' title='bbox 395 475 768 574; x_wconf 69' lang='lat' dir='ltr'><strong>lucendi</strong></span> 
     </span>
    </p>
   </div>
   <div class='ocr_carea' id='block_1_4' title="bbox 147 602 1018 796">
    <p class='ocr_par' dir='ltr' id='par_1_4' title="bbox 147 602 1018 796">
     <span class='ocr_line' id='line_1_4' title="bbox 147 602 1018 691; baseline -0.002 -1"><span class='ocrx_word' id='word_1_9' title='bbox 147 623 457 691; x_wconf 74' lang='lat' dir='ltr'><strong>enunciamus</strong></span> <span class='ocrx_word' id='word_1_10' title='bbox 481 602 791 691; x_wconf 80' lang='lat' dir='ltr'><strong>oossrAumNo</strong></span> <span class='ocrx_word' id='word_1_11' title='bbox 814 620 1018 688; x_wconf 74' lang='lat' dir='ltr'><strong>secuero</strong></span> 
     </span>
     <span class='ocr_line' id='line_1_5' title="bbox 467 743 700 796; baseline 0.004 -1"><span class='ocrx_word' id='word_1_12' title='bbox 467 747 491 795; x_wconf 93' lang='lat' dir='ltr'>D</span> <span class='ocrx_word' id='word_1_13' title='bbox 511 746 525 795; x_wconf 92' lang='lat'>1</span> <span class='ocrx_word' id='word_1_14' title='bbox 544 744 565 795; x_wconf 81' lang='lat' dir='ltr'>C</span> <span class='ocrx_word' id='word_1_15' title='bbox 584 746 607 795; x_wconf 86' lang='grc' dir='ltr'><strong>Τ</strong></span> <span class='ocrx_word' id='word_1_16' title='bbox 624 746 650 795; x_wconf 90' lang='lat' dir='ltr'>U</span> <span class='ocrx_word' id='word_1_17' title='bbox 669 743 700 796; x_wconf 86' lang='lat' dir='ltr'><strong>S.</strong></span> 
     </span>
    </p>
   </div>
   <div class='ocr_carea' id='block_1_5' title="bbox 27 874 1072 2819">
    <p class='ocr_par' dir='ltr' id='par_1_5' title="bbox 73 874 1070 1297">
     <span class='ocr_line' id='line_1_6' title="bbox 73 874 1068 961; baseline 0.002 -25"><span class='ocrx_word' id='word_1_18' title='bbox 73 896 86 936; x_wconf 74' lang='lat' dir='ltr'><strong>s</strong></span> <span class='ocrx_word' id='word_1_19' title='bbox 163 877 188 942; x_wconf 92' lang='lat' dir='ltr'><strong>I.</strong></span> <span class='ocrx_word' id='word_1_20' title='bbox 223 877 392 960; x_wconf 83' lang='lat' dir='ltr'><strong>Facerem,</strong></span> <span class='ocrx_word' id='word_1_21' title='bbox 416 876 629 941; x_wconf 73' lang='lat' dir='ltr'><strong>sacratissime</strong></span> <span class='ocrx_word' id='word_1_22' title='bbox 652 876 841 961; x_wconf 86' lang='lat' dir='ltr'><strong>imperator,</strong></span> <span class='ocrx_word' id='word_1_23' title='bbox 864 875 949 958; x_wconf 90' lang='lat' dir='ltr'><strong>quod</strong></span> <span class='ocrx_word' id='word_1_24' title='bbox 970 874 1068 958; x_wconf 83' lang='lat' dir='ltr'><strong>paulo</strong></span> 
     </span>
     <span class='ocr_line' id='line_1_7' title="bbox 99 959 1068 1046; baseline -0.002 -21"><span class='ocrx_word' id='word_1_25' title='bbox 99 965 174 1025; x_wconf 90' lang='lat' dir='ltr'><strong>ante</strong></span> <span class='ocrx_word' id='word_1_26' title='bbox 197 961 275 1025; x_wconf 91' lang='lat' dir='ltr'><strong>mihi</strong></span> <span class='ocrx_word' id='word_1_27' title='bbox 297 961 442 1046; x_wconf 85' lang='lat' dir='ltr'>plerique</span> <span class='ocrx_word' id='word_1_28' title='bbox 464 964 635 1026; x_wconf 85' lang='lat' dir='ltr'><strong>suaserunt</strong></span> <span class='ocrx_word' id='word_1_29' title='bbox 655 963 706 1042; x_wconf 92' lang='lat' dir='ltr'><strong>ut,</strong></span> <span class='ocrx_word' id='word_1_30' title='bbox 736 959 889 1043; x_wconf 90' lang='lat' dir='ltr'><strong>quoniam</strong></span> <span class='ocrx_word' id='word_1_31' title='bbox 916 959 1068 1024; x_wconf 85' lang='lat' dir='ltr'><strong>maiestas</strong></span> 
     </span>
     <span class='ocr_line' id='line_1_8' title="bbox 98 1043 1068 1111; baseline -0.003 0"><span class='ocrx_word' id='word_1_32' title='bbox 98 1048 156 1111; x_wconf 89' lang='lat' dir='ltr'><strong>tua</strong></span> <span class='ocrx_word' id='word_1_33' title='bbox 183 1045 270 1110; x_wconf 89' lang='lat' dir='ltr'><strong>hunc</strong></span> <span class='ocrx_word' id='word_1_34' title='bbox 302 1045 518 1110; x_wconf 72' lang='lat' dir='ltr'><strong>mediocritati</strong></span> <span class='ocrx_word' id='word_1_35' title='bbox 545 1066 635 1109; x_wconf 88' lang='lat' dir='ltr'><strong>meae</strong></span> <span class='ocrx_word' id='word_1_36' title='bbox 664 1044 747 1109; x_wconf 91' lang='lat' dir='ltr'><strong>diem</strong></span> <span class='ocrx_word' id='word_1_37' title='bbox 781 1044 816 1107; x_wconf 91' lang='lat' dir='ltr'><strong>in</strong></span> <span class='ocrx_word' id='word_1_38' title='bbox 843 1044 907 1108; x_wconf 87' lang='lat' dir='ltr'><strong>ista</strong></span> <span class='ocrx_word' id='word_1_39' title='bbox 935 1043 1068 1109; x_wconf 88' lang='lat' dir='ltr'><strong>ciuitate</strong></span> 
     </span>
     <span class='ocr_line' id='line_1_9' title="bbox 100 1128 1069 1213; baseline -0.002 -18"><span class='ocrx_word' id='word_1_40' title='bbox 100 1130 341 1195; x_wconf 89' lang='lat' dir='ltr'><strong>celeberrimum</strong></span> <span class='ocrx_word' id='word_1_41' title='bbox 364 1130 404 1194; x_wconf 92' lang='lat' dir='ltr'><strong>ad</strong></span> <span class='ocrx_word' id='word_1_42' title='bbox 427 1129 599 1195; x_wconf 89' lang='lat' dir='ltr'><strong>dicendum</strong></span> <span class='ocrx_word' id='word_1_43' title='bbox 620 1128 775 1211; x_wconf 77' lang='lat' dir='ltr'><strong>dedisset,</strong></span> <span class='ocrx_word' id='word_1_44' title='bbox 799 1129 838 1192; x_wconf 90' lang='lat' dir='ltr'><strong>de</strong></span> <span class='ocrx_word' id='word_1_45' title='bbox 860 1150 897 1193; x_wconf 88' lang='lat' dir='ltr'><strong>ec</strong></span> <span class='ocrx_word' id='word_1_46' title='bbox 918 1128 989 1213; x_wconf 88' lang='lat' dir='ltr'><strong>ipso</strong></span> <span class='ocrx_word' id='word_1_47' title='bbox 1012 1128 1069 1193; x_wconf 91' lang='lat' dir='ltr'><strong>du·</strong></span> 
     </span>
     <span class='ocr_line' id='line_1_10' title="bbox 101 1211 1070 1297; baseline -0.003 -17"><span class='ocrx_word' id='word_1_48' title='bbox 101 1236 205 1280; x_wconf 89' lang='lat' dir='ltr'><strong>cerem</strong></span> <span class='ocrx_word' id='word_1_49' title='bbox 232 1217 387 1280; x_wconf 90' lang='lat' dir='ltr'><strong>sermonis</strong></span> <span class='ocrx_word' id='word_1_50' title='bbox 415 1214 593 1297; x_wconf 86' lang='lat' dir='ltr'><strong>exordium,</strong></span> <span class='ocrx_word' id='word_1_51' title='bbox 626 1213 767 1277; x_wconf 89' lang='lat' dir='ltr'><strong>nisime</strong></span> <span class='ocrx_word' id='word_1_52' title='bbox 795 1214 834 1277; x_wconf 90' lang='lat' dir='ltr'><strong>ab</strong></span> <span class='ocrx_word' id='word_1_53' title='bbox 861 1211 922 1277; x_wconf 88' lang='lat' dir='ltr'><strong>hoc</strong></span> <span class='ocrx_word' id='word_1_54' title='bbox 950 1213 1070 1296; x_wconf 82' lang='lat' dir='ltr'><strong>duplex</strong></span> 
     </span>
    </p>

    <p class='ocr_par' dir='ltr' id='par_1_6' title="bbox 48 1296 1070 1721">
     <span class='ocr_line' id='line_1_11' title="bbox 48 1296 1069 1381; baseline -0.007 -13"><span class='ocrx_word' id='word_1_55' title='bbox 48 1316 87 1368; x_wconf 69' lang='lat'><strong>{1⁰</strong></span> <span class='ocrx_word' id='word_1_56' title='bbox 100 1300 181 1365; x_wconf 88' lang='lat' dir='ltr'><strong>ratio</strong></span> <span class='ocrx_word' id='word_1_57' title='bbox 203 1304 370 1366; x_wconf 86' lang='lat' dir='ltr'><strong>reuocaret</strong></span> <span class='ocrx_word' id='word_1_58' title='bbox 392 1298 647 1365; x_wconf 74' lang='lat' dir='ltr'><strong>considerantem</strong></span> <span class='ocrx_word' id='word_1_59' title='bbox 674 1319 779 1381; x_wconf 89' lang='lat' dir='ltr'><strong>neque</strong></span> <span class='ocrx_word' id='word_1_60' title='bbox 806 1296 929 1361; x_wconf 88' lang='lat' dir='ltr'><strong>mediae</strong></span> <span class='ocrx_word' id='word_1_61' title='bbox 952 1297 1069 1361; x_wconf 89' lang='lat' dir='ltr'><strong>aetatis</strong></span> 
     </span>
     <span class='ocr_line' id='line_1_12' title="bbox 99 1380 1070 1450; baseline -0.002 -2"><span class='ocrx_word' id='word_1_62' title='bbox 99 1383 263 1449; x_wconf 89' lang='lat' dir='ltr'><strong>hominem</strong></span> <span class='ocrx_word' id='word_1_63' title='bbox 292 1387 454 1450; x_wconf 86' lang='lat' dir='ltr'><strong>ostentare</strong></span> <span class='ocrx_word' id='word_1_64' title='bbox 481 1383 596 1449; x_wconf 89' lang='lat' dir='ltr'><strong>debere</strong></span> <span class='ocrx_word' id='word_1_65' title='bbox 624 1382 760 1447; x_wconf 88' lang='lat' dir='ltr'><strong>subitam</strong></span> <span class='ocrx_word' id='word_1_66' title='bbox 784 1380 909 1446; x_wconf 88' lang='lat' dir='ltr'><strong>dicendi</strong></span> <span class='ocrx_word' id='word_1_67' title='bbox 931 1381 1070 1446; x_wconf 86' lang='lat' dir='ltr'><strong>faculta-</strong></span> 
     </span>
     <span class='ocr_line' id='line_1_13' title="bbox 98 1466 1070 1553; baseline -0.001 -20"><span class='ocrx_word' id='word_1_68' title='bbox 98 1472 166 1533; x_wconf 91' lang='lat' dir='ltr'><strong>tem</strong></span> <span class='ocrx_word' id='word_1_69' title='bbox 196 1490 301 1553; x_wconf 87' lang='lat' dir='ltr'><strong>neque</strong></span> <span class='ocrx_word' id='word_1_70' title='bbox 333 1468 373 1533; x_wconf 89' lang='lat' dir='ltr'><strong>ad</strong></span> <span class='ocrx_word' id='word_1_71' title='bbox 401 1490 492 1533; x_wconf 91' lang='lat' dir='ltr'><strong>aures</strong></span> <span class='ocrx_word' id='word_1_72' title='bbox 520 1467 604 1532; x_wconf 88' lang='lat' dir='ltr'><strong>tanti</strong></span> <span class='ocrx_word' id='word_1_73' title='bbox 637 1467 777 1531; x_wconf 88' lang='lat' dir='ltr'><strong>numinis</strong></span> <span class='ocrx_word' id='word_1_74' title='bbox 806 1466 974 1549; x_wconf 87' lang='lat' dir='ltr'><strong>quicquam</strong></span> <span class='ocrx_word' id='word_1_75' title='bbox 1001 1467 1070 1532; x_wconf 73' lang='lat' dir='ltr'><strong>sisi</strong></span> 
     </span>
     <span class='ocr_line' id='line_1_14' title="bbox 100 1551 1070 1636; baseline 0 -21"><span class='ocrx_word' id='word_1_76' title='bbox 100 1552 154 1615; x_wconf 88' lang='lat' dir='ltr'><strong>diu</strong></span> <span class='ocrx_word' id='word_1_77' title='bbox 188 1555 342 1636; x_wconf 86' lang='lat' dir='ltr'><strong>scriptum</strong></span> <span class='ocrx_word' id='word_1_78' title='bbox 374 1557 406 1618; x_wconf 91' lang='lat' dir='ltr'><strong>et</strong></span> <span class='ocrx_word' id='word_1_79' title='bbox 439 1574 533 1636; x_wconf 90' lang='lat' dir='ltr'><strong>saepe</strong></span> <span class='ocrx_word' id='word_1_80' title='bbox 564 1553 737 1615; x_wconf 89' lang='lat' dir='ltr'><strong>tractatum</strong></span> <span class='ocrx_word' id='word_1_81' title='bbox 771 1551 878 1615; x_wconf 87' lang='lat' dir='ltr'><strong>afferri</strong></span> <span class='ocrx_word' id='word_1_82' title='bbox 908 1552 1070 1633; x_wconf 84' lang='lat' dir='ltr'><strong>oportere.</strong></span> 
     </span>
     <span class='ocr_line' id='line_1_15' title="bbox 101 1633 1070 1721; baseline -0.001 -21"><span class='ocrx_word' id='word_1_83' title='bbox 101 1636 188 1720; x_wconf 88' lang='lat' dir='ltr'><strong>[nam</strong></span> <span class='ocrx_word' id='word_1_84' title='bbox 211 1639 265 1721; x_wconf 88' lang='lat' dir='ltr'><strong>qui</strong></span> <span class='ocrx_word' id='word_1_85' title='bbox 294 1640 372 1721; x_wconf 86' lang='lat' dir='ltr'><strong>aput</strong></span> <span class='ocrx_word' id='word_1_86' title='bbox 392 1637 617 1720; x_wconf 81' lang='lat' dir='ltr'><strong>imperatorem</strong></span> <span class='ocrx_word' id='word_1_87' title='bbox 638 1635 750 1720; x_wconf 91' lang='lat' dir='ltr'><strong>populi</strong></span> <span class='ocrx_word' id='word_1_88' title='bbox 766 1634 907 1700; x_wconf 89' lang='lat' dir='ltr'><strong>Romani</strong></span> <span class='ocrx_word' id='word_1_89' title='bbox 928 1633 1007 1700; x_wconf 87' lang='lat' dir='ltr'><strong>dicit</strong></span> <span class='ocrx_word' id='word_1_90' title='bbox 1029 1655 1070 1699; x_wconf 86' lang='lat' dir='ltr'><strong>ex</strong></span> 
     </span>
    </p>

    <p class='ocr_par' dir='ltr' id='par_1_7' title="bbox 61 1717 1070 1806">
     <span class='ocr_line' id='line_1_16' title="bbox 61 1717 1070 1806; baseline 0.001 -23"><span class='ocrx_word' id='word_1_91' title='bbox 61 1735 87 1777; x_wconf 72' lang='lat'><strong>15</strong></span> <span class='ocrx_word' id='word_1_92' title='bbox 99 1726 258 1804; x_wconf 87' lang='lat' dir='ltr'><strong>tempore,</strong></span> <span class='ocrx_word' id='word_1_93' title='bbox 292 1723 448 1805; x_wconf 89' lang='lat' dir='ltr'><strong>quantum</strong></span> <span class='ocrx_word' id='word_1_94' title='bbox 477 1720 520 1785; x_wconf 89' lang='lat' dir='ltr'><strong>sit</strong></span> <span class='ocrx_word' id='word_1_95' title='bbox 549 1742 616 1785; x_wconf 90' lang='lat' dir='ltr'><strong>non</strong></span> <span class='ocrx_word' id='word_1_96' title='bbox 643 1719 743 1785; x_wconf 85' lang='lat' dir='ltr'><strong>sentit</strong></span> <span class='ocrx_word' id='word_1_97' title='bbox 770 1717 961 1806; x_wconf 87' lang='lat' dir='ltr'><strong>imperium]</strong></span> <span class='ocrx_word' id='word_1_98' title='bbox 1005 1717 1070 1785; x_wconf 88' lang='lat' dir='ltr'><strong>huc</strong></span> 
     </span>
    </p>

    <p class='ocr_par' dir='ltr' id='par_1_8' title="bbox 27 1804 1072 2143">
     <span class='ocr_line' id='line_1_17' title="bbox 27 1804 1072 1888; baseline 0.007 -26"><span class='ocrx_word' id='word_1_99' title='bbox 27 1856 30 1861; x_wconf 89' lang='lat'>.</span> <span class='ocrx_word' id='word_1_100' title='bbox 100 1804 224 1868; x_wconf 86' lang='lat' dir='ltr'><strong>aceedit</strong></span> <span class='ocrx_word' id='word_1_101' title='bbox 252 1805 335 1888; x_wconf 92' lang='lat' dir='ltr'><strong>quod</strong></span> <span class='ocrx_word' id='word_1_102' title='bbox 364 1806 427 1869; x_wconf 90' lang='lat' dir='ltr'><strong>iam</strong></span> <span class='ocrx_word' id='word_1_103' title='bbox 455 1805 533 1869; x_wconf 88' lang='lat' dir='ltr'><strong>satis</strong></span> <span class='ocrx_word' id='word_1_104' title='bbox 566 1804 659 1869; x_wconf 87' lang='lat' dir='ltr'><strong>multi</strong></span> <span class='ocrx_word' id='word_1_105' title='bbox 685 1807 762 1868; x_wconf 88' lang='lat' dir='ltr'><strong>sunt</strong></span> <span class='ocrx_word' id='word_1_106' title='bbox 810 1805 844 1868; x_wconf 91' lang='lat' dir='ltr'><strong>ui</strong></span> <span class='ocrx_word' id='word_1_107' title='bbox 870 1824 922 1868; x_wconf 88' lang='lat' dir='ltr'><strong>me</strong></span> <span class='ocrx_word' id='word_1_108' title='bbox 948 1806 1072 1888; x_wconf 87' lang='lat' dir='ltr'><strong>putant</strong></span> 
     </span>
     <span class='ocr_line' id='line_1_18' title="bbox 99 1827 1070 1973; baseline 0.004 -24"><span class='ocrx_word' id='word_1_109' title='bbox 99 1888 235 1952; x_wconf 88' lang='lat' dir='ltr'><strong>nimium</strong></span> <span class='ocrx_word' id='word_1_110' title='bbox 256 1889 358 1954; x_wconf 91' lang='lat' dir='ltr'><strong>multa</strong></span> <span class='ocrx_word' id='word_1_111' title='bbox 380 1890 553 1969; x_wconf 88' lang='lat' dir='ltr'><strong>dicturum,</strong></span> <span class='ocrx_word' id='word_1_112' title='bbox 577 1889 685 1973; x_wconf 90' lang='lat' dir='ltr'><strong>idque,</strong></span> <span class='ocrx_word' id='word_1_113' title='bbox 708 1892 745 1953; x_wconf 90' lang='lat' dir='ltr'><strong>ut</strong></span> <span class='ocrx_word' id='word_1_114' title='bbox 766 1827 916 1967; x_wconf 74' lang='lat' dir='ltr'><strong>aiiritror,</strong></span> <span class='ocrx_word' id='word_1_115' title='bbox 940 1909 1007 1952; x_wconf 93' lang='lat' dir='ltr'><strong>non</strong></span> <span class='ocrx_word' id='word_1_116' title='bbox 1028 1908 1070 1953; x_wconf 84' lang='lat' dir='ltr'><strong>ex</strong></span> 
     </span>
     <span class='ocr_line' id='line_1_19' title="bbox 100 1964 1070 2072; baseline 0.005 -38"><span class='ocrx_word' id='word_1_117' title='bbox 100 1971 232 2056; x_wconf 85' lang='lat' dir='ltr'><strong>ingenio</strong></span> <span class='ocrx_word' id='word_1_118' title='bbox 259 1995 345 2058; x_wconf 91' lang='lat' dir='ltr'><strong>meo,</strong></span> <span class='ocrx_word' id='word_1_119' title='bbox 383 1973 469 2059; x_wconf 86' lang='lat' dir='ltr'><strong>quod</strong></span> <span class='ocrx_word' id='word_1_120' title='bbox 495 1973 654 2038; x_wconf 89' lang='lat' dir='ltr'><strong>mediocre</strong></span> <span class='ocrx_word' id='word_1_121' title='bbox 667 1977 745 2072; x_wconf 49' lang='lat' dir='ltr'><strong>test,</strong></span> <span class='ocrx_word' id='word_1_122' title='bbox 784 1973 840 2038; x_wconf 89' lang='lat' dir='ltr'><strong>sed</strong></span> <span class='ocrx_word' id='word_1_123' title='bbox 870 1993 908 2036; x_wconf 85' lang='lat' dir='ltr'><strong>ex</strong></span> <span class='ocrx_word' id='word_1_124' title='bbox 937 1964 1070 2039; x_wconf 75' lang='lat' dir='ltr'><strong>laudum</strong></span> 
     </span>
     <span class='ocr_line' id='line_1_20' title="bbox 101 2059 1070 2143; baseline 0.002 -23"><span class='ocrx_word' id='word_1_125' title='bbox 101 2060 280 2121; x_wconf 86' lang='lat' dir='ltr'><strong>uestrarum</strong></span> <span class='ocrx_word' id='word_1_126' title='bbox 314 2059 404 2142; x_wconf 88' lang='lat' dir='ltr'><strong>copia</strong></span> <span class='ocrx_word' id='word_1_127' title='bbox 438 2059 623 2123; x_wconf 90' lang='lat' dir='ltr'><strong>metiuntur.</strong></span> <span class='ocrx_word' id='word_1_128' title='bbox 667 2079 802 2143; x_wconf 90' lang='lat' dir='ltr'><strong>quorum</strong></span> <span class='ocrx_word' id='word_1_129' title='bbox 831 2079 892 2143; x_wconf 86' lang='lat' dir='ltr'><strong>ego</strong></span> <span class='ocrx_word' id='word_1_130' title='bbox 921 2059 1070 2141; x_wconf 84' lang='lat' dir='ltr'><strong>expecta-</strong></span> 
     </span>
    </p>

    <p class='ocr_par' dir='ltr' id='par_1_9' title="bbox 62 2141 1070 2565">
     <span class='ocr_line' id='line_1_21' title="bbox 62 2141 1070 2209; baseline 0.002 -3"><span class='ocrx_word' id='word_1_131' title='bbox 62 2157 88 2197; x_wconf 78' lang='lat'><strong>20</strong></span> <span class='ocrx_word' id='word_1_132' title='bbox 101 2142 224 2206; x_wconf 89' lang='lat' dir='ltr'><strong>tionem</strong></span> <span class='ocrx_word' id='word_1_133' title='bbox 245 2142 366 2207; x_wconf 91' lang='lat' dir='ltr'><strong>inuitus</strong></span> <span class='ocrx_word' id='word_1_134' title='bbox 386 2143 462 2209; x_wconf 87' lang='lat' dir='ltr'><strong>iicet</strong></span> <span class='ocrx_word' id='word_1_135' title='bbox 483 2142 594 2207; x_wconf 86' lang='lat' dir='ltr'><strong>fallam</strong></span> <span class='ocrx_word' id='word_1_136' title='bbox 608 2143 767 2208; x_wconf 86' lang='lat' dir='ltr'><strong>breuitate</strong></span> <span class='ocrx_word' id='word_1_137' title='bbox 789 2141 925 2207; x_wconf 89' lang='lat' dir='ltr'><strong>dicendi.</strong></span> <span class='ocrx_word' id='word_1_138' title='bbox 955 2162 1070 2208; x_wconf 88' lang='lat' dir='ltr'><strong>reuera</strong></span> 
     </span>
     <span class='ocr_line' id='line_1_22' title="bbox 102 2226 1070 2312; baseline 0.002 -22"><span class='ocrx_word' id='word_1_139' title='bbox 102 2227 188 2291; x_wconf 83' lang='lat' dir='ltr'><strong>enim</strong></span> <span class='ocrx_word' id='word_1_140' title='bbox 222 2227 439 2312; x_wconf 87' lang='lat' dir='ltr'><strong>cogitaueram</strong></span> <span class='ocrx_word' id='word_1_141' title='bbox 467 2228 559 2312; x_wconf 87' lang='lat' dir='ltr'><strong>plura</strong></span> <span class='ocrx_word' id='word_1_142' title='bbox 590 2249 671 2311; x_wconf 88' lang='lat' dir='ltr'><strong>quae</strong></span> <span class='ocrx_word' id='word_1_143' title='bbox 702 2228 855 2311; x_wconf 87' lang='lat' dir='ltr'><strong>dicerem,</strong></span> <span class='ocrx_word' id='word_1_144' title='bbox 892 2226 949 2290; x_wconf 89' lang='lat' dir='ltr'><strong>sed</strong></span> <span class='ocrx_word' id='word_1_145' title='bbox 982 2226 1070 2292; x_wconf 86' lang='lat' dir='ltr'><strong>malo</strong></span> 
     </span>
     <span class='ocr_line' id='line_1_23' title="bbox 101 2311 1069 2396; baseline 0.002 -22"><span class='ocrx_word' id='word_1_146' title='bbox 101 2312 279 2376; x_wconf 89' lang='lat' dir='ltr'><strong>orationem</strong></span> <span class='ocrx_word' id='word_1_147' title='bbox 301 2333 404 2376; x_wconf 88' lang='lat' dir='ltr'><strong>meam</strong></span> <span class='ocrx_word' id='word_1_148' title='bbox 426 2332 489 2378; x_wconf 78' lang='lat' dir='ltr'><strong>csse</strong></span> <span class='ocrx_word' id='word_1_149' title='bbox 509 2332 657 2379; x_wconf 79' lang='lat' dir='ltr'><strong>maccam</strong></span> <span class='ocrx_word' id='word_1_150' title='bbox 679 2333 774 2396; x_wconf 89' lang='lat' dir='ltr'><strong>quam</strong></span> <span class='ocrx_word' id='word_1_151' title='bbox 795 2311 913 2395; x_wconf 83' lang='lat' dir='ltr'><strong>respui.</strong></span> <span class='ocrx_word' id='word_1_152' title='bbox 956 2311 1069 2395; x_wconf 88' lang='lat' dir='ltr'><strong>itaque</strong></span> 
     </span>
     <span class='ocr_line' id='line_1_24' title="bbox 100 2395 1069 2481; baseline 0 -21"><span class='ocrx_word' id='word_1_153' title='bbox 100 2396 239 2479; x_wconf 90' lang='lat' dir='ltr'><strong>primum</strong></span> <span class='ocrx_word' id='word_1_154' title='bbox 260 2397 339 2460; x_wconf 90' lang='lat' dir='ltr'><strong>illud</strong></span> <span class='ocrx_word' id='word_1_155' title='bbox 361 2396 583 2481; x_wconf 90' lang='lat' dir='ltr'><strong>compendium</strong></span> <span class='ocrx_word' id='word_1_156' title='bbox 605 2396 722 2461; x_wconf 87' lang='lat' dir='ltr'><strong>faciam</strong></span> <span class='ocrx_word' id='word_1_157' title='bbox 744 2395 837 2480; x_wconf 90' lang='lat' dir='ltr'><strong>quod,</strong></span> <span class='ocrx_word' id='word_1_158' title='bbox 861 2416 932 2460; x_wconf 90' lang='lat' dir='ltr'><strong>cum</strong></span> <span class='ocrx_word' id='word_1_159' title='bbox 954 2416 1069 2460; x_wconf 89' lang='lat' dir='ltr'><strong>omnes</strong></span> 
     </span>
     <span class='ocr_line' id='line_1_25' title="bbox 99 2480 1069 2565; baseline 0.003 -23"><span class='ocrx_word' id='word_1_160' title='bbox 99 2500 175 2562; x_wconf 89' lang='lat' dir='ltr'><strong>uos,</strong></span> <span class='ocrx_word' id='word_1_161' title='bbox 206 2480 409 2545; x_wconf 87' lang='lat' dir='ltr'><strong>inuictissimi</strong></span> <span class='ocrx_word' id='word_1_162' title='bbox 430 2481 608 2565; x_wconf 88' lang='lat' dir='ltr'><strong>principes,</strong></span> <span class='ocrx_word' id='word_1_163' title='bbox 638 2501 773 2563; x_wconf 88' lang='lat' dir='ltr'><strong>quorum</strong></span> <span class='ocrx_word' id='word_1_164' title='bbox 802 2482 1010 2546; x_wconf 76' lang='lat' dir='ltr'><strong>concorsest</strong></span> <span class='ocrx_word' id='word_1_165' title='bbox 1035 2483 1069 2545; x_wconf 88' lang='lat' dir='ltr'><strong>et</strong></span> 
     </span>
    </p>

    <p class='ocr_par' dir='ltr' id='par_1_10' title="bbox 61 2563 1069 2649">
     <span class='ocr_line' id='line_1_26' title="bbox 61 2563 1069 2649; baseline 0.004 -25"><span class='ocrx_word' id='word_1_166' title='bbox 61 2577 87 2618; x_wconf 78' lang='lat'><strong>25</strong></span> <span class='ocrx_word' id='word_1_167' title='bbox 100 2563 187 2625; x_wconf 86' lang='lat' dir='ltr'><strong>socia</strong></span> <span class='ocrx_word' id='word_1_168' title='bbox 207 2564 372 2645; x_wconf 87' lang='lat' dir='ltr'><strong>maiestas,</strong></span> <span class='ocrx_word' id='word_1_169' title='bbox 403 2564 511 2628; x_wconf 88' lang='lat' dir='ltr'><strong>debita</strong></span> <span class='ocrx_word' id='word_1_170' title='bbox 538 2564 744 2629; x_wconf 89' lang='lat' dir='ltr'><strong>ueneratione</strong></span> <span class='ocrx_word' id='word_1_171' title='bbox 766 2565 951 2649; x_wconf 84' lang='lat' dir='ltr'><strong>suspiciam,</strong></span> <span class='ocrx_word' id='word_1_172' title='bbox 979 2563 1069 2629; x_wconf 92' lang='lat' dir='ltr'><strong>hunc</strong></span> 
     </span>
    </p>

    <p class='ocr_par' dir='ltr' id='par_1_11' title="bbox 98 2648 1066 2795">
     <span class='ocr_line' id='line_1_27' title="bbox 98 2648 1066 2795; baseline 0.002 -85"><span class='ocrx_word' id='word_1_173' title='bbox 98 2649 208 2710; x_wconf 87' lang='lat' dir='ltr'><strong>tamen</strong></span> <span class='ocrx_word' id='word_1_174' title='bbox 245 2648 568 2795; x_wconf 53' lang='lat' dir='ltr'><strong>guantulumcumque</strong></span> <span class='ocrx_word' id='word_1_175' title='bbox 600 2651 656 2712; x_wconf 88' lang='lat' dir='ltr'><strong>tuo</strong></span> <span class='ocrx_word' id='word_1_176' title='bbox 691 2648 802 2733; x_wconf 91' lang='lat' dir='ltr'><strong>modo,</strong></span> <span class='ocrx_word' id='word_1_177' title='bbox 841 2649 1066 2732; x_wconf 71' lang='lat' dir='ltr'><strong>Constantine,</strong></span> 
     </span>
    </p>

    <p class='ocr_par' dir='ltr' id='par_1_12' title="bbox 99 2730 1067 2819">
     <span class='ocr_line' id='line_1_28' title="bbox 99 2730 1067 2819; baseline 0.004 -25"><span class='ocrx_word' id='word_1_178' title='bbox 99 2730 225 2795; x_wconf 91' lang='lat' dir='ltr'><strong>numini</strong></span> <span class='ocrx_word' id='word_1_179' title='bbox 268 2732 359 2796; x_wconf 88' lang='lat' dir='ltr'><strong>ioabo</strong></span> <span class='ocrx_word' id='word_1_180' title='bbox 382 2752 571 2797; x_wconf 88' lang='lat' dir='ltr'><strong>sermonem.</strong></span> <span class='ocrx_word' id='word_1_181' title='bbox 594 2735 631 2796; x_wconf 91' lang='lat' dir='ltr'><strong>ut</strong></span> <span class='ocrx_word' id='word_1_182' title='bbox 652 2733 737 2798; x_wconf 91' lang='lat' dir='ltr'><strong>enim</strong></span> <span class='ocrx_word' id='word_1_183' title='bbox 759 2734 846 2819; x_wconf 90' lang='lat' dir='ltr'><strong>ipsos</strong></span> <span class='ocrx_word' id='word_1_184' title='bbox 868 2733 1067 2799; x_wconf 85' lang='lat' dir='ltr'><strong>immortales</strong></span> 
     </span>
    </p>
   </div>
   <div class='ocr_carea' id='block_1_6' title="bbox 99 2919 1078 3527">
    <p class='ocr_par' dir='ltr' id='par_1_13' title="bbox 99 2919 1078 3527">
     <span class='ocr_line' id='line_1_29' title="bbox 168 2919 1078 2985; baseline 0.002 -15"><span class='ocrx_word' id='word_1_185' title='bbox 168 2922 183 2970; x_wconf 78' lang='lat'><strong>&#39;1</strong></span> <span class='ocrx_word' id='word_1_186' title='bbox 196 2935 252 2970; x_wconf 87' lang='lat' dir='ltr'><strong>mee</strong></span> <span class='ocrx_word' id='word_1_187' title='bbox 264 2921 335 2971; x_wconf 87' lang='lat' dir='ltr'><strong>diem</strong></span> <span class='ocrx_word' id='word_1_188' title='bbox 346 2934 384 2969; x_wconf 84' lang='lat' dir='ltr'><strong>w:</strong></span> <span class='ocrx_word' id='word_1_189' title='bbox 402 2935 462 2970; x_wconf 88' lang='lat' dir='ltr'><strong>mee</strong></span> <span class='ocrx_word' id='word_1_190' title='bbox 476 2919 539 2970; x_wconf 75' lang='lat' dir='ltr'><strong>ediis</strong></span> <span class='ocrx_word' id='word_1_191' title='bbox 551 2921 572 2969; x_wconf 85' lang='lat' dir='ltr'>B</span> <span class='ocrx_word' id='word_1_192' title='bbox 586 2919 677 2985; x_wconf 77' lang='lat' dir='ltr'><strong>(marp.</strong></span> <span class='ocrx_word' id='word_1_193' title='bbox 688 2919 771 2984; x_wconf 89' lang='lat' dir='ltr'><strong>diem)</strong></span> <span class='ocrx_word' id='word_1_194' title='bbox 786 2935 848 2971; x_wconf 88' lang='lat' dir='ltr'><strong>mea</strong></span> <span class='ocrx_word' id='word_1_195' title='bbox 861 2921 925 2971; x_wconf 78' lang='lat' dir='ltr'><strong>ediis</strong></span> <span class='ocrx_word' id='word_1_196' title='bbox 937 2921 991 2970; x_wconf 85' lang='lat' dir='ltr'><strong>AV</strong></span> <span class='ocrx_word' id='word_1_197' title='bbox 1005 2936 1078 2972; x_wconf 83' lang='lat' dir='ltr'><strong>msc·</strong></span> 
     </span>
     <span class='ocr_line' id='line_1_30' title="bbox 100 2985 1068 3056; baseline 0.004 -20"><span class='ocrx_word' id='word_1_198' title='bbox 100 2986 172 3037; x_wconf 89' lang='lat' dir='ltr'><strong>diem</strong></span> <span class='ocrx_word' id='word_1_199' title='bbox 191 2987 282 3037; x_wconf 87' lang='lat' dir='ltr'><strong>edium</strong></span> <span class='ocrx_word' id='word_1_200' title='bbox 299 2986 369 3052; x_wconf 75' lang='lat' dir='ltr'><strong>⁰i8</strong></span> <span class='ocrx_word' id='word_1_201' title='bbox 390 2988 514 3038; x_wconf 84' lang='lat' dir='ltr'><strong>ducerem</strong></span> <span class='ocrx_word' id='word_1_202' title='bbox 532 2989 609 3038; x_wconf 72' lang='lat' dir='ltr'><strong>edd:</strong></span> <span class='ocrx_word' id='word_1_203' title='bbox 627 2987 728 3039; x_wconf 87' lang='lat' dir='ltr'><strong>ducere</strong></span> <span class='ocrx_word' id='word_1_204' title='bbox 746 2987 773 3034; x_wconf 71' lang='lat' dir='ltr'>H</span> <span class='ocrx_word' id='word_1_205' title='bbox 790 2987 800 3054; x_wconf 77' lang='lat' dir='ltr'>ss</span> <span class='ocrx_word' id='word_1_206' title='bbox 818 2990 833 3039; x_wconf 87' lang='lat'>9</span> <span class='ocrx_word' id='word_1_207' title='bbox 852 2985 898 3056; x_wconf 85' lang='lat' dir='ltr'><strong>ab]</strong></span> <span class='ocrx_word' id='word_1_208' title='bbox 920 2988 955 3039; x_wconf 85' lang='lat' dir='ltr'><strong>ad</strong></span> <span class='ocrx_word' id='word_1_209' title='bbox 972 2991 990 3037; x_wconf 76' lang='lat'><strong>0</strong></span> <span class='ocrx_word' id='word_1_210' title='bbox 1007 2986 1017 3055; x_wconf 78' lang='grc'><strong>11</strong></span> <span class='ocrx_word' id='word_1_211' title='bbox 1034 2990 1068 3040; x_wconf 87' lang='grc'><strong>10</strong></span> 
     </span>
     <span class='ocr_line' id='line_1_31' title="bbox 99 3051 1068 3120; baseline 0.003 -16"><span class='ocrx_word' id='word_1_212' title='bbox 99 3054 319 3105; x_wconf 83' lang='lat' dir='ltr'><strong>considerantem</strong></span> <span class='ocrx_word' id='word_1_213' title='bbox 331 3051 430 3120; x_wconf 88' lang='lat' dir='ltr'><strong>neque]</strong></span> <span class='ocrx_word' id='word_1_214' title='bbox 442 3054 617 3105; x_wconf 86' lang='lat' dir='ltr'><strong>consideraui</strong></span> <span class='ocrx_word' id='word_1_215' title='bbox 628 3070 697 3120; x_wconf 70' lang='lat' dir='ltr'><strong>naq:</strong></span> <span class='ocrx_word' id='word_1_216' title='bbox 707 3069 732 3104; x_wconf 81' lang='lat' dir='ltr'><strong>w</strong></span> <span class='ocrx_word' id='word_1_217' title='bbox 744 3053 754 3120; x_wconf 84' lang='grc' dir='ltr'><strong>ΙΙ</strong></span> <span class='ocrx_word' id='word_1_218' title='bbox 768 3057 799 3105; x_wconf 80' lang='grc'><strong>12</strong></span> <span class='ocrx_word' id='word_1_219' title='bbox 808 3063 867 3120; x_wconf 77' lang='lat' dir='ltr'><strong>post</strong></span> <span class='ocrx_word' id='word_1_220' title='bbox 879 3055 976 3108; x_wconf 79' lang='lat' dir='ltr'><strong>facult.</strong></span> <span class='ocrx_word' id='word_1_221' title='bbox 985 3058 1068 3107; x_wconf 75' lang='lat' dir='ltr'><strong>iterat</strong></span> 
     </span>
     <span class='ocr_line' id='line_1_32' title="bbox 99 3120 1067 3188; baseline 0.004 -18"><span class='ocrx_word' id='word_1_222' title='bbox 99 3120 122 3169; x_wconf 99' lang='lat' dir='ltr'>A</span> <span class='ocrx_word' id='word_1_223' title='bbox 139 3120 256 3184; x_wconf 87' lang='lat' dir='ltr'><strong>dicendi,</strong></span> <span class='ocrx_word' id='word_1_224' title='bbox 274 3123 300 3170; x_wconf 82' lang='lat' dir='ltr'><strong>in</strong></span> <span class='ocrx_word' id='word_1_225' title='bbox 312 3121 344 3170; x_wconf 79' lang='lat' dir='ltr'><strong>W</strong></span> <span class='ocrx_word' id='word_1_226' title='bbox 361 3137 416 3172; x_wconf 84' lang='lat' dir='ltr'><strong>rar.</strong></span> <span class='ocrx_word' id='word_1_227' title='bbox 432 3123 507 3174; x_wconf 76' lang='lat' dir='ltr'><strong>rea</strong></span> <span class='ocrx_word' id='word_1_228' title='bbox 517 3125 592 3187; x_wconf 78' lang='lat' dir='ltr'><strong>prise</strong></span> <span class='ocrx_word' id='word_1_229' title='bbox 603 3122 711 3174; x_wconf 89' lang='lat' dir='ltr'><strong>dicendi</strong></span> <span class='ocrx_word' id='word_1_230' title='bbox 723 3124 858 3174; x_wconf 76' lang='lat' dir='ltr'><strong>deterserim</strong></span> <span class='ocrx_word' id='word_1_231' title='bbox 874 3121 879 3188; x_wconf 79' lang='grc' dir='ltr'>Ι</span> <span class='ocrx_word' id='word_1_232' title='bbox 894 3123 949 3174; x_wconf 90' lang='lat' dir='ltr'><strong>nisi</strong></span> <span class='ocrx_word' id='word_1_233' title='bbox 966 3139 1013 3174; x_wconf 85' lang='lat' dir='ltr'><strong>om.</strong></span> <span class='ocrx_word' id='word_1_234' title='bbox 1031 3123 1067 3186; x_wconf 79' lang='lat'><strong>1,</strong></span> 
     </span>
     <span class='ocr_line' id='line_1_33' title="bbox 99 3185 1067 3256; baseline 0.003 -18"><span class='ocrx_word' id='word_1_235' title='bbox 99 3188 160 3238; x_wconf 79' lang='lat' dir='ltr'><strong>cdd.</strong></span> <span class='ocrx_word' id='word_1_236' title='bbox 180 3190 240 3238; x_wconf 87' lang='lat' dir='ltr'><strong>edd.</strong></span> <span class='ocrx_word' id='word_1_237' title='bbox 257 3185 268 3252; x_wconf 71' lang='lat' dir='ltr'>fl</span> <span class='ocrx_word' id='word_1_238' title='bbox 293 3191 324 3239; x_wconf 84' lang='lat'><strong>13</strong></span> <span class='ocrx_word' id='word_1_239' title='bbox 342 3192 463 3239; x_wconf 84' lang='lat' dir='ltr'><strong>tractum</strong></span> <span class='ocrx_word' id='word_1_240' title='bbox 480 3188 503 3238; x_wconf 92' lang='lat' dir='ltr'>A</span> <span class='ocrx_word' id='word_1_241' title='bbox 524 3186 534 3256; x_wconf 87' lang='grc' dir='ltr'><strong>ΙΙ</strong></span> <span class='ocrx_word' id='word_1_242' title='bbox 557 3193 589 3241; x_wconf 85' lang='grc'><strong>14</strong></span> <span class='ocrx_word' id='word_1_243' title='bbox 606 3205 669 3240; x_wconf 88' lang='lat' dir='ltr'><strong>nam</strong></span> <span class='ocrx_word' id='word_1_244' title='bbox 688 3191 735 3256; x_wconf 87' lang='lat' dir='ltr'><strong>qui</strong></span> <span class='ocrx_word' id='word_1_245' title='bbox 752 3217 785 3226; x_wconf 95' lang='lat'>-</span> <span class='ocrx_word' id='word_1_246' title='bbox 804 3191 836 3241; x_wconf 81' lang='lat'><strong>15</strong></span> <span class='ocrx_word' id='word_1_247' title='bbox 853 3192 998 3256; x_wconf 87' lang='lat' dir='ltr'><strong>imperium</strong></span> <span class='ocrx_word' id='word_1_248' title='bbox 1015 3192 1067 3245; x_wconf 81' lang='lat' dir='ltr'><strong>del.</strong></span> 
     </span>
     <span class='ocr_line' id='line_1_34' title="bbox 99 3252 1068 3324; baseline 0.005 -21"><span class='ocrx_word' id='word_1_249' title='bbox 99 3252 336 3320; x_wconf 72' lang='lat' dir='ltr'><strong>Eyssenhardtaall</strong></span> <span class='ocrx_word' id='word_1_250' title='bbox 360 3258 391 3309; x_wconf 89' lang='lat'><strong>18</strong></span> <span class='ocrx_word' id='word_1_251' title='bbox 408 3255 519 3308; x_wconf 87' lang='lat' dir='ltr'><strong>laudum</strong></span> <span class='ocrx_word' id='word_1_252' title='bbox 537 3261 646 3309; x_wconf 85' lang='lat' dir='ltr'><strong>tuarum</strong></span> <span class='ocrx_word' id='word_1_253' title='bbox 665 3271 690 3308; x_wconf 81' lang='lat' dir='ltr'>w</span> <span class='ocrx_word' id='word_1_254' title='bbox 711 3256 721 3324; x_wconf 71' lang='lat' dir='ltr'>ss</span> <span class='ocrx_word' id='word_1_255' title='bbox 742 3260 775 3308; x_wconf 77' lang='lat'><strong>21</strong></span> <span class='ocrx_word' id='word_1_256' title='bbox 793 3256 867 3308; x_wconf 85' lang='lat' dir='ltr'><strong>malo</strong></span> <span class='ocrx_word' id='word_1_257' title='bbox 885 3261 916 3308; x_wconf 77' lang='lat' dir='ltr'><strong>c:</strong></span> <span class='ocrx_word' id='word_1_258' title='bbox 936 3257 1020 3310; x_wconf 88' lang='lat' dir='ltr'><strong>mallo</strong></span> <span class='ocrx_word' id='word_1_259' title='bbox 1039 3259 1068 3308; x_wconf 75' lang='grc' dir='ltr'>Ι</span> 
     </span>
     <span class='ocr_line' id='line_1_35' title="bbox 101 3317 1067 3389; baseline 0.005 -19"><span class='ocrx_word' id='word_1_260' title='bbox 101 3317 115 3384; x_wconf 84' lang='grc' dir='ltr'>Η</span> <span class='ocrx_word' id='word_1_261' title='bbox 134 3323 166 3370; x_wconf 77' lang='lat'><strong>22</strong></span> <span class='ocrx_word' id='word_1_262' title='bbox 186 3336 246 3373; x_wconf 90' lang='lat' dir='ltr'><strong>esse</strong></span> <span class='ocrx_word' id='word_1_263' title='bbox 265 3338 391 3374; x_wconf 85' lang='lat' dir='ltr'><strong>mancam</strong></span> <span class='ocrx_word' id='word_1_264' title='bbox 408 3325 513 3376; x_wconf 83' lang='lat' dir='ltr'><strong>addidi:</strong></span> <span class='ocrx_word' id='word_1_265' title='bbox 535 3328 627 3377; x_wconf 63' lang='grc' dir='ltr'><strong>σιω</strong></span> <span class='ocrx_word' id='word_1_266' title='bbox 646 3326 719 3379; x_wconf 80' lang='lat' dir='ltr'><strong>Bert.</strong></span> <span class='ocrx_word' id='word_1_267' title='bbox 742 3327 854 3377; x_wconf 83' lang='lat' dir='ltr'><strong>breuem</strong></span> <span class='ocrx_word' id='word_1_268' title='bbox 873 3341 935 3378; x_wconf 87' lang='lat' dir='ltr'><strong>esse</strong></span> <span class='ocrx_word' id='word_1_269' title='bbox 954 3328 1015 3379; x_wconf 81' lang='lat' dir='ltr'><strong>add.</strong></span> <span class='ocrx_word' id='word_1_270' title='bbox 1032 3339 1067 3389; x_wconf 81' lang='lat' dir='ltr'><strong>w,</strong></span> 
     </span>
     <span class='ocr_line' id='line_1_36' title="bbox 99 3387 1068 3458; baseline 0.005 -21"><span class='ocrx_word' id='word_1_271' title='bbox 99 3389 158 3441; x_wconf 78' lang='lat' dir='ltr'><strong>edd.</strong></span> <span class='ocrx_word' id='word_1_272' title='bbox 172 3387 182 3454; x_wconf 66' lang='lat' dir='ltr'><strong>i</strong></span> <span class='ocrx_word' id='word_1_273' title='bbox 195 3391 227 3442; x_wconf 81' lang='lat'><strong>23</strong></span> <span class='ocrx_word' id='word_1_274' title='bbox 245 3405 300 3441; x_wconf 90' lang='lat' dir='ltr'><strong>non</strong></span> <span class='ocrx_word' id='word_1_275' title='bbox 318 3391 390 3456; x_wconf 88' lang='lat' dir='ltr'><strong>quod</strong></span> <span class='ocrx_word' id='word_1_276' title='bbox 408 3406 501 3444; x_wconf 87' lang='lat' dir='ltr'><strong>omues</strong></span> <span class='ocrx_word' id='word_1_277' title='bbox 513 3392 587 3443; x_wconf 75' lang='lat' dir='ltr'><strong>Bm.</strong></span> <span class='ocrx_word' id='word_1_278' title='bbox 600 3390 611 3458; x_wconf 83' lang='grc' dir='ltr'><strong>ΙΙ</strong></span> <span class='ocrx_word' id='word_1_279' title='bbox 624 3396 657 3444; x_wconf 78' lang='lat'><strong>24</strong></span> <span class='ocrx_word' id='word_1_280' title='bbox 673 3408 724 3445; x_wconf 89' lang='lat' dir='ltr'><strong>uos</strong></span> <span class='ocrx_word' id='word_1_281' title='bbox 734 3393 757 3442; x_wconf 93' lang='lat' dir='ltr'>A</span> <span class='ocrx_word' id='word_1_282' title='bbox 768 3393 801 3443; x_wconf 80' lang='lat' dir='ltr'><strong>W</strong></span> <span class='ocrx_word' id='word_1_283' title='bbox 810 3393 903 3444; x_wconf 65' lang='lat' dir='ltr'><strong>Bora:</strong></span> <span class='ocrx_word' id='word_1_284' title='bbox 921 3410 967 3446; x_wconf 87' lang='lat' dir='ltr'><strong>om.</strong></span> <span class='ocrx_word' id='word_1_285' title='bbox 981 3396 1002 3444; x_wconf 85' lang='lat' dir='ltr'>B</span> <span class='ocrx_word' id='word_1_286' title='bbox 1014 3396 1032 3444; x_wconf 77' lang='lat'><strong>0</strong></span> <span class='ocrx_word' id='word_1_287' title='bbox 1045 3395 1068 3442; x_wconf 78' lang='lat' dir='ltr'>V</span> 
     </span>
     <span class='ocr_line' id='line_1_37' title="bbox 101 3450 1068 3527; baseline 0.007 -21"><span class='ocrx_word' id='word_1_288' title='bbox 101 3450 106 3519; x_wconf 91' lang='grc' dir='ltr'>Ι</span> <span class='ocrx_word' id='word_1_289' title='bbox 125 3459 167 3506; x_wconf 82' lang='lat' dir='ltr'><strong>est</strong></span> <span class='ocrx_word' id='word_1_290' title='bbox 185 3472 231 3508; x_wconf 82' lang='lat' dir='ltr'><strong>om.</strong></span> <span class='ocrx_word' id='word_1_291' title='bbox 248 3458 271 3507; x_wconf 98' lang='lat' dir='ltr'>A</span> <span class='ocrx_word' id='word_1_292' title='bbox 283 3459 303 3508; x_wconf 79' lang='lat' dir='ltr'>B</span> <span class='ocrx_word' id='word_1_293' title='bbox 315 3455 326 3523; x_wconf 72' lang='grc' dir='ltr'><strong>ΙΙ</strong></span> <span class='ocrx_word' id='word_1_294' title='bbox 338 3460 371 3510; x_wconf 78' lang='lat'><strong>25</strong></span> <span class='ocrx_word' id='word_1_295' title='bbox 389 3460 537 3525; x_wconf 84' lang='lat' dir='ltr'><strong>suspiciam</strong></span> <span class='ocrx_word' id='word_1_296' title='bbox 550 3460 699 3511; x_wconf 77' lang='lat' dir='ltr'><strong>Rhenanus:</strong></span> <span class='ocrx_word' id='word_1_297' title='bbox 718 3461 868 3526; x_wconf 75' lang='lat' dir='ltr'><strong>suscipiam</strong></span> <span class='ocrx_word' id='word_1_298' title='bbox 884 3462 911 3510; x_wconf 73' lang='lat' dir='ltr'><strong>n</strong></span> <span class='ocrx_word' id='word_1_299' title='bbox 924 3459 980 3527; x_wconf 69' lang='lat'><strong>{126</strong></span> <span class='ocrx_word' id='word_1_300' title='bbox 997 3466 1028 3513; x_wconf 84' lang='lat' dir='ltr'><strong>tu</strong></span> <span class='ocrx_word' id='word_1_301' title='bbox 1043 3463 1068 3512; x_wconf 94' lang='lat' dir='ltr'>A</span> 
     </span>
    </p>
   </div>
   <div class='ocr_carea' id='block_1_7' title="bbox 0 0 1154 3780">
    <p class='ocr_par' dir='ltr' id='par_1_14' title="bbox 0 0 1154 3780">
     <span class='ocr_line' id='line_1_38' title="bbox 0 0 1154 3780; baseline 0 0"><span class='ocrx_word' id='word_1_302' title='bbox 0 0 1154 3780; x_wconf 95' lang='lat' dir='ltr'><strong> </strong></span> 
     </span>
    </p>
   </div>
  </div>
 </body>
</html>
