2294 3780
405 144 567 197 rumano
587 146 620 197 o.
644 149 753 197 ro-u.
1022 146 1062 209 67

95 317 156 360 nec
184 296 307 360 urbana
333 296 551 360 coniuratione
580 294 757 359 eblanditus
779 316 905 378 preces,
935 297 989 359 sed
1013 297 1064 361 de-

97 384 185 444 creta
213 380 424 463 coloniarum,
458 380 584 444 decreta
612 380 793 444 ciuitatum·
810 379 937 463 alleget.
983 382 1064 445 bene

96 464 260 549 suffragiis
288 465 504 528 consularium
531 465 673 527 uiromm
701 464 795 527 urbes
817 464 927 548 populi
950 467 1064 548 gentes

95 551 291 613 insemntur.
336 548 590 612 efficacissimum
618 569 677 631 pro
701 548 869 612 candidato
890 569 993 632 genus
1016 552 1065 613 est

93 633 231 718 rogandi
294 633 376 697 atias
399 654 503 717 agere.
1088 652 1101 692 5

165 654 293 781 Llle.r
330 717 401 781 Iam
427 738 490 801 quo
516 738 649 781 assensu
677 719 822 795 senatus,
856 738 918 800 quo
945 717 1063 802 gaudio

95 805 262 886 exceptum
286 803 351 884 est,
376 822 447 865 cum
471 800 663 884 candidatis,
686 804 723 864 ut
743 822 898 884 quemque
920 802 1063 866 nomina·

94 908 198 969 ueras,
223 886 332 950 osculo
356 907 547 964 occurreres,
571 886 708 949 deuexus
731 885 858 969 quidem
880 886 915 948 in
930 887 1063 969 planum

96 976 128 1033 et
151 970 242 1054 quasi
264 992 348 1034 unus
371 992 409 1034 ex
431 970 685 1054 gratulantibus!
723 972 755 1032 te
778 970 875 1033 mirer
896 972 998 1055 magis
1022 992 1063 1034 an

94 1055 273 1138 improbem
296 1053 368 1117 illos
396 1056 449 1137 qui
473 1055 646 1118 effecerunt
673 1057 710 1117 ut
731 1053 817 1117 istud
838 1074 992 1137 magnum
1015 1056 1102 1117 ui-1o

96 1139 233 1222 deretur,
257 1159 328 1202 cum
350 1137 439 1201 uelut
456 1138 550 1201 adfixi
573 1138 736 1201 curulibus
759 1137 824 1201 suis
847 1160 975 1201 manum
992 1143 1062 1202 tan-

94 1227 165 1286 tum
194 1226 227 1286 et
254 1222 338 1286 hanc
366 1225 553 1287 cunctanter
586 1225 618 1286 et
644 1222 735 1305 pigre
771 1225 802 1284 ct
829 1222 1063 1304 imputantibus

95 1307 216 1370 similes
238 1306 447 1390 promerent?
492 1305 629 1390 contigit
651 1327 684 1368 cr
709 1326 728 1367 o
751 1304 849 1369 oculis
872 1306 990 1368 nostris
1012 1308 1061 1369 in-

95 1395 168 1455 uisa
191 1395 266 1454 ante
287 1391 397 1472 facies,
421 1390 570 1474 princeps
594 1327 770 1454 candidatis
793 1392 944 1473 aequatus
968 1393 1001 1453 et
1021 1392 1061 1453 si-

94 1476 181 1539 milis
201 1475 368 1558 sectantis3
391 1476 479 1540 licuit
492 1474 609 1538 intueri
624 1495 733 1557 parem
756 1473 987 1556 accipientibus
1007 1475 1061 1558 qui
1076 1493 1100 1533 ra

95 1559 249 1623 honorem
272 1558 377 1623 dabat.
409 1559 492 1643 quod
514 1561 634 1622 factum
656 1561 746 1622 tuum
769 1580 788 1621 a
810 1561 925 1622 cuncto
947 1564 1061 1623 senatu

95 1665 189 1726 quam
203 1664 281 1706 uera
295 1642 527 1708 acclamatione
542 1644 735 1707 celebratum
752 1646 814 1706 est:
832 1646 934 1707 ‘tanto
950 1646 1060 1726 maior,

94 1731 186 1791 tanto
209 1728 401 1811 augustior'!
428 1749 504 1790 nam
527 1728 577 1790 cui
600 1727 682 1790 nihil
704 1727 743 1790 ad
766 1727 947 1812 augendum
970 1727 1060 1791 fasti-

93 1813 183 1896 gium
206 1815 366 1895 superest,
390 1810 442 1876 hic
465 1832 528 1875 uno
551 1812 645 1874 modo
669 1833 809 1875 cresccre
830 1815 958 1895 potest,'
977 1813 1003 1875 si
1026 1833 1061 1876 se

92 1898 163 1979 ipsc
196 1896 363 1959 submittat
396 1917 525 1960 securus
559 1896 789 1980 magnitudinis
823 1918 907 1960 suae.
957 1918 1060 1981 neque
1073 1918 1098 1957 ro

94 1980 180 2044 enim
204 1980 244 2043 ab
264 1980 330 2043 ullo
345 1980 487 2063 periculo
508 1979 638 2043 fortuna
653 1981 833 2064 principum
856 1981 985 2065 longius
1007 1982 1059 2044 ab·

94 2068 143 2128 est
165 2086 260 2148 quam
281 2063 483 2127 humilitatis,
521 2064 600 2127 mihi
622 2065 749 2147 quidem
772 2085 837 2127 non
859 2067 925 2127 tam
948 2064 1059 2128 huma-

92 2149 179 2211 nitas
205 2152 262 2212 tua
284 2169 379 2231 quam
402 2149 539 2212 intentio
568 2149 634 2212 eius
657 2148 854 2211 admirabilis
879 2148 1058 2211 uidebatur.

94 2233 213 2315 quippe
241 2254 312 2296 cum
336 2233 473 2296 orationi
496 2232 603 2296 oculos
630 2252 739 2295 uocem
768 2253 897 2294 manum
922 2252 1057 2295 commo·

93 2318 195 2398 dares,
217 2319 254 2379 ut
275 2317 302 2380 si
325 2316 380 2379 alii
403 2316 513 2380 eadem
534 2316 596 2379 ista
617 2317 812 2397 mandasses,
835 2335 946 2377 omnes
965 2316 1059 2378 comi·
1073 2332 1097 2372 25

91 2401 171 2463 tatis
185 2421 334 2463 numeros
349 2401 469 2464 obibas.
494 2403 589 2484 atque
605 2399 711 2482 etiam,
729 2420 800 2463 cum
816 2399 1059 2484 suffragatomm

92 2484 227 2548 nomina
248 2484 367 2548 honora
396 2506 458 2568 quo
484 2485 588 2548 solent
609 2484 846 2567 exciperentur,
877 2487 913 2547 tu
935 2505 1059 2568 quoque

92 2569 179 2632 inter
201 2568 397 2652 excipientes
419 2590 500 2650 eras,
525 2572 557 2632 et
579 2590 617 2632 ex
640 2590 695 2634 ore
717 2569 871 2652 principis
893 2567 947 2631 ille
970 2590 1060 2633 sena-

92 2653 192 2715 torius
215 2674 363 2717 assensum
386 2653 583 2735 audiebatur,
611 2654 757 2737 quodque
780 2654 861 2737 apud
881 2654 1058 2736 principem

91 2735 260 2820 perhibere
282 2737 500 2801 testimonium
523 2737 719 2800 merentibus
740 2737 967 2821 gaudebamus,
989 2759 1057 2819 per·
1070 2755 1097 2795 3⁰

161 2926 176 2974 2³.
195 2926 264 2975 bene
284 2926 402 2988 Lipsius.-
420 2940 453 2974 ne
472 2928 499 2974 n
519 2922 530 2990 ΙΙ
550 2928 566 2976 3
585 2924 773 2974 consiliarium
793 2927 825 2972 W
844 2923 1058 2975 clarissimorum

90 2993 197 3056 Lipsiae
210 2991 220 3057 Ι
232 2995 248 3044 8
266 2993 421 3044 occurreris
434 2993 467 3041 W
481 2990 485 3056 Ι
501 2998 530 3042 et
548 2992 669 3042 deuexas
689 2993 794 3055 Lipsiae
807 2990 817 3056 ΙΙ
831 2995 860 3041 11
882 3007 1007 3058 magnum
1025 2994 1058 3041 W

92 3058 104 3123 t}
135 3059 313 3110 labanum:
333 3060 405 3109 hunc
424 3062 452 3107 Η
474 3057 485 3124 Ι
510 3062 541 3110 13
559 3065 748 3123 promererent
765 3061 821 3120 Wl
846 3060 937 3109 innisa
955 3062 1058 3110 addidi.-

91 3143 137 3177 om.
145 3129 174 3174 H
184 3128 362 3178 insolitacdd.
375 3124 386 3192 Ι
400 3129 431 3176 14
436 3128 566 3191 princeps
577 3127 878 3190 aequatuscandidatis
885 3127 1058 3177 Selurarzr'na:

89 3196 218 3259 princeps
237 3194 401 3244 candidatus
420 3195 529 3258 equitus
548 3194 632 3242 ΒΜ
650 3195 779 3259 princeps
798 3194 907 3258 equitus
927 3194 1059 3245 candida-

89 3269 136 3311 tus
153 3264 186 3311 W
200 3261 206 3326 Ι
222 3262 321 3313 similia
340 3262 473 3311 sectantis
491 3263 600 3325 scripsi:
619 3261 699 3311 simul
718 3262 818 3311 stantis
836 3262 864 3309 Ἡ
883 3262 962 3311 simul
982 3266 1058 3311 stans

89 3330 250 3380 Sclncnrziua
266 3327 277 3395 Ι
298 3328 424 3379 relicuit
442 3330 546 3378 addidi:
563 3344 609 3378 om.
627 3330 661 3386 n,
682 3330 800 3394 contigit
818 3329 976 3378 Schremzr'na
991 3328 996 3391 Ι
1012 3330 1058 3394 qni

88 3397 220 3449 honorem
238 3398 386 3447 Liuineius:
403 3396 533 3446 honorem
552 3397 598 3459 qui
615 3396 643 3442 Π
664 3393 674 3459 Ι
698 3397 731 3444 ’24
750 3412 808 3446 cum
828 3413 875 3447 om.
893 3399 911 3443 0
926 3399 931 3459 Ι
945 3393 1056 3460 uocem]

89 3481 207 3516 necesse
225 3467 243 3514 c
258 3463 263 3528 Ι
278 3463 481 3514 commendares
498 3464 531 3511 W

820 3545 854 3596 5*
