2294 3780
391 149 552 202 rnnrano
571 151 605 200 n.
627 152 738 201 31-34.
1005 149 1046 212 29

78 299 159 362 anni
184 298 279 361 fidem
307 298 455 362 omnibus
483 299 577 363 annis
606 300 815 382 omnibusque
843 301 954 382 postea
980 320 1046 363 sae·

79 383 160 446 culis
183 387 275 446 tanto
298 383 401 467 magis
424 383 586 465 quianon
609 384 764 467 exigimus
787 386 925 446 excuset.

144 466 295 530 XXXIII.
330 467 415 531 Satis
437 467 560 530 facturn
583 490 644 550 qua
667 468 783 531 ciuium
806 489 869 549 quo-
888 468 1046 531 sociorum

78 551 283 614 utilitatibus.
313 552 417 614 uisum
440 556 488 614 est
510 552 724 635 spectaculum
746 550 821 614 inde
844 572 910 614 non
933 573 1047 614 enerue

78 657 141 699 nec
169 634 289 699 fluxum
321 656 381 697 nec
409 635 492 717 quod
524 634 648 698 animos
676 637 818 699 uirorum
847 635 987 698 molliret
1015 639 1072 698 eta

78 720 257 803 frangeret,
282 718 337 781 sed
359 719 442 802 quod
466 720 505 781 ad
525 720 636 801 pulcra
659 719 792 783 uulnera
815 723 1048 802 contemptum-

80 825 143 888 que
166 803 277 866 mortis
300 802 501 884 accenderet,
530 825 602 866 cum
625 804 659 866 in
682 818 845 866 seruorum
875 804 971 867 etiam
993 826 1048 866 no-

80 889 268 970 xiornmque
289 887 475 970 corporibus
492 908 581 950 amor
595 887 697 951 laudis
719 891 750 950 et
766 888 879 970 cupido
894 889 1049 952 uictoriae

82 975 275 1035 cerneretur.
320 991 414 1053 quam
446 970 561 1034 deinde
594 973 628 1035 in
661 972 782 1035 edendo
814 972 1048 1054 liberalitatem,

81 1077 178 1139 quam
213 1055 369 1118 iustitiam
405 1054 549 1118 exhibuit
584 1056 672 1119 omni
709 1056 878 1119 affectione
912 1059 966 1119 aut
1000 1057 1087 1119 in·1n

80 1143 187 1203 tactus
211 1143 268 1202 aut
289 1140 402 1202 maior!
428 1139 635 1222 impetratum
651 1143 699 1203 est
714 1140 799 1222 quod
814 1141 1048 1222 postulabatur,

81 1223 227 1287 oblatum
250 1223 335 1307 quod
356 1244 422 1286 non
445 1224 676 1305 postulabatur.
711 1224 831 1286 institit
853 1225 937 1287 ultro
960 1229 992 1286 et
1014 1228 1051 1287 ut

82 1309 380 1390 concupisceremus
404 1307 585 1388 admonuit,
616 1329 654 1370 ac
675 1308 720 1370 sic
743 1328 865 1391 quoque
888 1307 980 1389 plura
1003 1308 1050 1369 in-

74 1392 224 1475 opinata,
247 1391 341 1474 plura
363 1391 479 1455 subita.
506 1392 570 1454 iam
594 1413 689 1475 quam
713 1391 812 1454 libera
836 1391 1051 1473 spectantium

83 1476 201 1559 studia,
224 1497 319 1558 qnam
341 1497 469 1539 securus
490 1476 597 1539 fauor!
621 1474 741 1538 nemini
763 1475 921 1559 impietas,
944 1479 980 1538 ut
1002 1496 1051 1539 so·
1066 1495 1090 1533 15

83 1560 186 1640 lebat,
223 1560 346 1622 obiecta
376 1560 459 1642 quod
488 1559 607 1624 odisset
632 1560 860 1643 gladiatorem:
910 1580 1004 1623 nemo
1034 1582 1050 1624 e

84 1646 266 1728 spectatore
278 1645 496 1726 spectaculum
507 1645 615 1707 factus
630 1645 761 1708 miseras
774 1644 957 1727 uoluptates
969 1666 1051 1708 unco

84 1735 118 1792 et
133 1728 262 1811 ignibus
282 1728 433 1810 expiauit.
457 1727 586 1791 demens
601 1728 655 1791 ille
671 1730 799 1811 uerique
814 1729 946 1791 honoris
961 1729 1052 1812 igna-
1074 1782 1079 1789 .

83 1834 139 1875 rus
169 1813 223 1895 qui
251 1813 386 1875 crimina
413 1813 588 1875 maiestatis
616 1813 651 1876 in
673 1815 792 1876 harena
820 1811 993 1896 colligebat
1014 1833 1052 1876 ac

84 1918 119 1959 se
142 1896 262 1978 despici
292 1899 324 1959 et
346 1898 524 1978 contemni,
558 1897 622 1960 nisi
644 1898 739 1961 etiam
763 1897 957 1982 gladiatores
986 1896 1052 1960 eius
1065 1916 1091 1954 ao

84 2001 325 2060 ueneraremur,
355 1980 415 2044 sibi
438 1981 520 2044 male
543 1981 606 2044 dici
628 1981 662 2044 in
684 1982 765 2064 illis,
793 2004 883 2044 suam
906 1980 1053 2045 diuinita-

84 2068 166 2146 tem,
194 2086 286 2127 suum
314 2086 434 2128 numen
462 2065 577 2128 uiolari
601 2065 887 2148 interpretabatur,
919 2085 1053 2146 cumque

85 2170 120 2212 se
137 2148 221 2210 idem
235 2148 320 2230 quod
336 2147 423 2231 deca,
446 2148 530 2211 idem
546 2148 741 2232 gladiatores
762 2149 845 2231 quod
861 2170 894 2210 se
908 2147 1051 2230 putabat.

150 2231 301 2295 XXXIV⁴
346 2233 392 2295 At
413 2237 465 2314 tu,
492 2233 617 2311 Caesar,
647 2254 742 2314 quam
764 2232 910 2314 pulcrum
933 2233 1053 2311 specta-

87 2317 195 2379 culum
217 2337 275 2398 pro
297 2315 353 2379 illo
375 2317 468 2380 nobis
495 2315 667 2380 execrabili
688 2313 869 2377 reddidisti!
915 2313 1053 2377 uidimus
1067 2332 1091 2373 a

86 2401 265 2463 delatorum
277 2399 429 2463 iudicium
441 2402 531 2484 quasi
543 2403 769 2485 grassatorum,
780 2398 870 2481 quasi
881 2398 1053 2462 latronum.

85 2506 154 2548 non
177 2483 382 2547 solitudinem
403 2485 461 2565 illi,
485 2506 552 2548 non
573 2485 646 2567 iter,
671 2485 727 2547 sed
743 2482 908 2566 templum,
932 2481 987 2547 sed
1006 2483 1054 2548 fo-

84 2590 159 2632 rum
174 2568 375 2631 insederant:
397 2569 487 2632 nulla
504 2570 567 2634 iam
582 2571 775 2632 testamenta
794 2589 912 2647 secura,
935 2568 1054 2631 nullius

86 2655 193 2715 status
222 2656 344 2716 certus:
388 2674 454 2716 non
483 2653 617 2736 orbitas,
657 2675 724 2717 non
752 2653 845 2717 liberi
873 2653 1054 2735 proderant.

87 2739 221 2799 auxerat
241 2736 302 2799 hoc
323 2736 443 2801 malum
468 2739 585 2819 partim
607 2737 742 2802 auaritia
769 2738 786 2774 '¹‘
807 2737 861 2774 ²¹²*
889 2736 1056 2799 aduertisti
1069 2754 1095 2794 so

85 2821 197 2884 oculos
225 2824 319 2902 atque
348 2822 385 2882 ut
406 2824 482 2883 ante
510 2822 623 2884 castris
651 2822 696 2884 ita
718 2824 830 2904 postea
853 2841 964 2902 pacem
987 2820 1057 2883 foro

86 2903 275 2967 reddidisti:
311 2903 457 2967 excidisti
490 2905 679 2968 intestinum
709 2904 829 2967 malum
863 2907 896 2967 et
923 2903 1058 2985 prouida

159 3129 174 3176 3
188 3140 241 3188 qna
254 3138 307 3175 soc.
321 3151 354 3159 -—
368 3140 466 3176 enerue
479 3128 571 3186 onaw,
584 3128 643 3175 odd.
655 3140 680 3173 w
692 3141 769 3189 marp.
783 3122 792 3188 ss
806 3127 821 3174 5
834 3140 883 3175 nec
897 3129 942 3176 alt.
956 3141 1002 3175 om.
1014 3127 1055 3185 W,

88 3195 152 3242 add.
165 3210 196 3243 m.
209 3209 260 3241 rec.
274 3189 283 3255 ΙΙ
298 3194 327 3240 11
343 3193 414 3254 quod
427 3208 473 3242 om.
487 3195 507 3241 B
517 3194 539 3240 V
551 3191 560 3256 ΙΙ
575 3196 606 3243 13
621 3193 643 3242 si
656 3207 763 3257 qnoque
776 3192 809 3239 W
820 3205 846 3239 m
858 3189 868 3255 ΙΙ
883 3193 913 3240 16
926 3206 940 3240 e
952 3196 1057 3256 specta·

89 3265 149 3308 tore
162 3259 346 3323 spectaculum
353 3261 499 3309 Liuineius:
512 3265 670 3323 expectator
680 3259 887 3323 expectaculum
895 3259 922 3306 Μ
933 3264 961 3308 et
971 3266 1057 3322 spect.

88 3332 118 3375 et
131 3331 215 3391 spect.
226 3341 251 3374 w
263 3324 273 3389 ΙΙ
287 3328 318 3376 19
331 3326 436 3375 harena
446 3342 474 3391 ςι
487 3327 540 3376 hac
551 3342 580 3377 re
593 3327 701 3376 nunu
713 3329 778 3376 bare
791 3340 835 3374 mr
847 3323 857 3390 ΙΙ
870 3327 902 3374 ‘26
914 3320 1066 3385 indii-iuml

91 3393 235 3443 inductum
247 3394 278 3441 W
290 3391 300 3456 ll
313 3397 345 3443 27
364 3409 418 3442 non
437 3395 491 3444 iter
511 3394 600 3459 Caspe
618 3395 728 3445 nouiter
744 3391 848 3458 ΜΝ)
863 3391 978 3440 amaus
992 3391 1080 3458 aazia:

91 3460 184 3510 nullus
202 3459 297 3525 11130
313 3456 426 3530 partim]
446 3462 606 3533 principum
624 3465 701 3523 edd.3
724 3467 849 3514 [octauum
865 3456 962 3520 siqutt.
982 3450 1103 3498 Keime-
