<?xml version="1.0" encoding="UTF-8"?>
<!DOCTYPE html PUBLIC "-//W3C//DTD XHTML 1.0 Transitional//EN"
    "http://www.w3.org/TR/xhtml1/DTD/xhtml1-transitional.dtd">
<html xmlns="http://www.w3.org/1999/xhtml" xml:lang="en" lang="en">
 <head>
  <title>
</title>
<meta http-equiv="Content-Type" content="text/html;charset=utf-8" />
  <meta name='ocr-system' content='tesseract 3.04.00' />
  <meta name='ocr-capabilities' content='ocr_page ocr_carea ocr_par ocr_line ocrx_word'/>
</head>
<body>
  <div class='ocr_page' id='page_1' title='image "./xiipanegyricila00baehgoog_0084.png"; bbox 0 0 2294 3780; ppageno 0'>
   <div class='ocr_carea' id='block_1_1' title="bbox 368 169 1023 232">
    <p class='ocr_par' dir='ltr' id='par_1_1' title="bbox 368 169 1023 232">
     <span class='ocr_line' id='line_1_1' title="bbox 368 169 1023 232; baseline -0.002 -12"><span class='ocrx_word' id='word_1_1' title='bbox 368 169 527 221; x_wconf 81' lang='lat' dir='ltr'>TRAIANO</span> <span class='ocrx_word' id='word_1_2' title='bbox 545 170 581 220; x_wconf 88' lang='lat' dir='ltr'>D.</span> <span class='ocrx_word' id='word_1_3' title='bbox 604 171 713 220; x_wconf 80' lang='grc'>63-55,</span> <span class='ocrx_word' id='word_1_4' title='bbox 981 169 1023 232; x_wconf 85' lang='grc'>49</span> 
     </span>
    </p>
   </div>
   <div class='ocr_carea' id='block_1_2' title="bbox 63 318 1088 3100">
    <p class='ocr_par' dir='ltr' id='par_1_2' title="bbox 63 318 1024 487">
     <span class='ocr_line' id='line_1_2' title="bbox 63 318 1024 417; baseline -0.002 -32"><span class='ocrx_word' id='word_1_5' title='bbox 63 325 172 386; x_wconf 87' lang='lat' dir='ltr'>senatu</span> <span class='ocrx_word' id='word_1_6' title='bbox 199 319 354 417; x_wconf 83' lang='lat' dir='ltr'>agebatur</span> <span class='ocrx_word' id='word_1_7' title='bbox 384 322 507 383; x_wconf 89' lang='lat' dir='ltr'>utnon</span> <span class='ocrx_word' id='word_1_8' title='bbox 528 318 675 383; x_wconf 84' lang='lat' dir='ltr'><strong>laudibus</strong></span> <span class='ocrx_word' id='word_1_9' title='bbox 705 319 886 402; x_wconf 83' lang='lat' dir='ltr'>principum</span> <span class='ocrx_word' id='word_1_10' title='bbox 913 319 1024 383; x_wconf 93' lang='lat' dir='ltr'>immo-</span> 
     </span>
     <span class='ocr_line' id='line_1_3' title="bbox 64 403 1023 487; baseline -0.003 -18"><span class='ocrx_word' id='word_1_11' title='bbox 64 409 207 470; x_wconf 89' lang='lat' dir='ltr'>rarentur</span> <span class='ocrx_word' id='word_1_12' title='bbox 222 403 470 487; x_wconf 88' lang='lat' dir='ltr'>quibuscumque</span> <span class='ocrx_word' id='word_1_13' title='bbox 493 404 644 468; x_wconf 88' lang='lat' dir='ltr'>censendi</span> <span class='ocrx_word' id='word_1_14' title='bbox 658 403 831 468; x_wconf 78' lang='lat' dir='ltr'>necessitas</span> <span class='ocrx_word' id='word_1_15' title='bbox 847 403 1023 467; x_wconf 87' lang='lat' dir='ltr'>accidisset.</span> 
     </span>
    </p>

    <p class='ocr_par' dir='ltr' id='par_1_3' title="bbox 64 488 1079 2154">
     <span class='ocr_line' id='line_1_4' title="bbox 65 488 1024 572; baseline -0.002 -19"><span class='ocrx_word' id='word_1_16' title='bbox 65 491 99 554; x_wconf 90' lang='lat' dir='ltr'>de</span> <span class='ocrx_word' id='word_1_17' title='bbox 120 488 304 572; x_wconf 87' lang='lat' dir='ltr'>ampliando</span> <span class='ocrx_word' id='word_1_18' title='bbox 326 509 459 552; x_wconf 92' lang='lat' dir='ltr'>numero</span> <span class='ocrx_word' id='word_1_19' title='bbox 480 488 694 572; x_wconf 83' lang='lat' dir='ltr'>gladiatorum</span> <span class='ocrx_word' id='word_1_20' title='bbox 717 491 773 551; x_wconf 87' lang='lat' dir='ltr'>aut</span> <span class='ocrx_word' id='word_1_21' title='bbox 794 488 833 551; x_wconf 90' lang='lat' dir='ltr'>de</span> <span class='ocrx_word' id='word_1_22' title='bbox 855 488 1024 551; x_wconf 89' lang='lat' dir='ltr'>instituen-</span> 
     </span>
     <span class='ocr_line' id='line_1_5' title="bbox 64 572 1026 671; baseline -0.003 -33"><span class='ocrx_word' id='word_1_23' title='bbox 64 575 101 638; x_wconf 94' lang='lat' dir='ltr'>do</span> <span class='ocrx_word' id='word_1_24' title='bbox 124 573 260 671; x_wconf 76' lang='lat' dir='ltr'>collegio</span> <span class='ocrx_word' id='word_1_25' title='bbox 282 572 446 636; x_wconf 82' lang='lat' dir='ltr'><strong>fabrorum</strong></span> <span class='ocrx_word' id='word_1_26' title='bbox 467 572 709 636; x_wconf 90' lang='lat' dir='ltr'>consulebamur</span> <span class='ocrx_word' id='word_1_27' title='bbox 731 576 763 636; x_wconf 89' lang='lat' dir='ltr'>et</span> <span class='ocrx_word' id='word_1_28' title='bbox 777 574 869 656; x_wconf 82' lang='lat' dir='ltr'>quasi</span> <span class='ocrx_word' id='word_1_29' title='bbox 890 573 1026 655; x_wconf 87' lang='lat' dir='ltr'>prolatis</span> 
     </span>
     <span class='ocr_line' id='line_1_6' title="bbox 64 656 1053 743; baseline -0.003 -20"><span class='ocrx_word' id='word_1_30' title='bbox 64 658 187 743; x_wconf 88' lang='lat' dir='ltr'>imperii</span> <span class='ocrx_word' id='word_1_31' title='bbox 215 656 333 721; x_wconf 90' lang='lat' dir='ltr'>finibus</span> <span class='ocrx_word' id='word_1_32' title='bbox 361 679 447 720; x_wconf 90' lang='lat' dir='ltr'>nunc</span> <span class='ocrx_word' id='word_1_33' title='bbox 474 658 623 740; x_wconf 80' lang='lat' dir='ltr'>ingentes</span> <span class='ocrx_word' id='word_1_34' title='bbox 656 679 748 721; x_wconf 92' lang='lat' dir='ltr'>arcus</span> <span class='ocrx_word' id='word_1_35' title='bbox 781 675 1053 740; x_wconf 81' lang='lat' dir='ltr'>excessurosques</span> 
     </span>
     <span class='ocr_line' id='line_1_7' title="bbox 64 741 1029 839; baseline -0.004 -32"><span class='ocrx_word' id='word_1_36' title='bbox 64 743 257 827; x_wconf 87' lang='lat' dir='ltr'>templorum</span> <span class='ocrx_word' id='word_1_37' title='bbox 279 741 445 839; x_wconf 84' lang='lat' dir='ltr'>fastigium</span> <span class='ocrx_word' id='word_1_38' title='bbox 466 742 590 825; x_wconf 83' lang='lat' dir='ltr'>titulos,</span> <span class='ocrx_word' id='word_1_39' title='bbox 613 763 699 805; x_wconf 90' lang='lat' dir='ltr'>nunc</span> <span class='ocrx_word' id='word_1_40' title='bbox 714 763 840 806; x_wconf 91' lang='lat' dir='ltr'>menses</span> <span class='ocrx_word' id='word_1_41' title='bbox 859 742 957 805; x_wconf 89' lang='lat' dir='ltr'>etiam</span> <span class='ocrx_word' id='word_1_42' title='bbox 969 763 1029 804; x_wconf 90' lang='lat' dir='ltr'>nee</span> 
     </span>
     <span class='ocr_line' id='line_1_8' title="bbox 65 792 1030 924; baseline -0.002 -32"><span class='ocrx_word' id='word_1_43' title='bbox 65 829 120 892; x_wconf 89' lang='lat' dir='ltr'>hos</span> <span class='ocrx_word' id='word_1_44' title='bbox 143 825 288 910; x_wconf 84' lang='lat' dir='ltr'>singulos</span> <span class='ocrx_word' id='word_1_45' title='bbox 309 826 432 924; x_wconf 82' lang='lat' dir='ltr'>nomim</span> <span class='ocrx_word' id='word_1_46' title='bbox 425 792 618 891; x_wconf 81' lang='lat' dir='ltr'>Caesarum</span> <span class='ocrx_word' id='word_1_47' title='bbox 634 826 828 893; x_wconf 81' lang='lat' dir='ltr'>dicebamus</span> <span class='ocrx_word' id='word_1_48' title='bbox 864 826 1030 909; x_wconf 88' lang='lat' dir='ltr'>patieban-</span> 
     </span>
     <span class='ocr_line' id='line_1_9' title="bbox 65 910 1031 995; baseline -0.003 -19"><span class='ocrx_word' id='word_1_49' title='bbox 65 916 114 976; x_wconf 89' lang='lat' dir='ltr'>tur</span> <span class='ocrx_word' id='word_1_50' title='bbox 140 911 190 974; x_wconf 92' lang='lat' dir='ltr'>illi</span> <span class='ocrx_word' id='word_1_51' title='bbox 213 914 256 993; x_wconf 88' lang='lat' dir='ltr'>et,</span> <span class='ocrx_word' id='word_1_52' title='bbox 284 910 376 995; x_wconf 91' lang='lat' dir='ltr'>quasi</span> <span class='ocrx_word' id='word_1_53' title='bbox 404 911 604 993; x_wconf 88' lang='lat' dir='ltr'>meruissent,</span> <span class='ocrx_word' id='word_1_54' title='bbox 632 910 841 975; x_wconf 88' lang='lat' dir='ltr'>laetabantur</span> <span class='ocrx_word' id='word_1_55' title='bbox 884 913 917 973; x_wconf 86' lang='lat' dir='ltr'>at</span> <span class='ocrx_word' id='word_1_56' title='bbox 943 930 1031 973; x_wconf 90' lang='lat' dir='ltr'>nunc</span> 
     </span>
     <span class='ocr_line' id='line_1_10' title="bbox 66 959 1030 1092; baseline -0.002 -33"><span class='ocrx_word' id='word_1_57' title='bbox 66 997 134 1080; x_wconf 88' lang='lat' dir='ltr'>quis</span> <span class='ocrx_word' id='word_1_58' title='bbox 156 959 312 1077; x_wconf 85' lang='lat' dir='ltr'>nostrhm,</span> <span class='ocrx_word' id='word_1_59' title='bbox 334 997 512 1092; x_wconf 80' lang='lat' dir='ltr'>tamquam</span> <span class='ocrx_word' id='word_1_60' title='bbox 514 960 632 1058; x_wconf 81' lang='lat' dir='ltr'>obliths</span> <span class='ocrx_word' id='word_1_61' title='bbox 655 995 722 1058; x_wconf 89' lang='lat' dir='ltr'>eius</span> <span class='ocrx_word' id='word_1_62' title='bbox 745 995 861 1079; x_wconf 90' lang='lat' dir='ltr'>dequo</span> <span class='ocrx_word' id='word_1_63' title='bbox 883 994 1030 1076; x_wconf 83' lang='lat' dir='ltr'>refertur,</span> 
     </span>
     <span class='ocr_line' id='line_1_11' title="bbox 67 1078 1071 1162; baseline -0.006 -18"><span class='ocrx_word' id='word_1_64' title='bbox 67 1078 218 1144; x_wconf 90' lang='lat' dir='ltr'>censendi</span> <span class='ocrx_word' id='word_1_65' title='bbox 246 1078 388 1142; x_wconf 85' lang='lat' dir='ltr'>officium</span> <span class='ocrx_word' id='word_1_66' title='bbox 410 1079 565 1162; x_wconf 89' lang='lat' dir='ltr'>principis</span> <span class='ocrx_word' id='word_1_67' title='bbox 592 1079 713 1143; x_wconf 85' lang='lat' dir='ltr'>honore</span> <span class='ocrx_word' id='word_1_68' title='bbox 740 1079 923 1143; x_wconf 77' lang='lat' dir='ltr'>consumit?</span> <span class='ocrx_word' id='word_1_69' title='bbox 958 1083 1032 1142; x_wconf 88' lang='lat' dir='ltr'>tuae</span> <span class='ocrx_word' id='word_1_70' title='bbox 1046 1099 1071 1136; x_wconf 86' lang='grc' dir='ltr'>ιιι</span> 
     </span>
     <span class='ocr_line' id='line_1_12' title="bbox 66 1162 1034 1228; baseline -0.003 0"><span class='ocrx_word' id='word_1_71' title='bbox 66 1162 294 1228; x_wconf 80' lang='lat' dir='ltr'>moderationis</span> <span class='ocrx_word' id='word_1_72' title='bbox 327 1163 397 1228; x_wconf 91' lang='lat' dir='ltr'>laus</span> <span class='ocrx_word' id='word_1_73' title='bbox 428 1162 507 1227; x_wconf 88' lang='lat' dir='ltr'>haec</span> <span class='ocrx_word' id='word_1_74' title='bbox 537 1165 715 1227; x_wconf 88' lang='lat' dir='ltr'>constantia</span> <span class='ocrx_word' id='word_1_75' title='bbox 742 1166 851 1227; x_wconf 88' lang='lat' dir='ltr'>nostra</span> <span class='ocrx_word' id='word_1_76' title='bbox 878 1162 1034 1226; x_wconf 80' lang='lat' dir='ltr'>estzttibi</span> 
     </span>
     <span class='ocr_line' id='line_1_13' title="bbox 68 1245 1034 1331; baseline -0.004 -19"><span class='ocrx_word' id='word_1_77' title='bbox 68 1246 271 1331; x_wconf 85' lang='lat' dir='ltr'>obsequimur</span> <span class='ocrx_word' id='word_1_78' title='bbox 292 1247 413 1330; x_wconf 90' lang='lat' dir='ltr'>quod</span> <span class='ocrx_word' id='word_1_79' title='bbox 404 1269 440 1311; x_wconf 89' lang='grc' dir='ltr'>ιιι</span> <span class='ocrx_word' id='word_1_80' title='bbox 468 1247 590 1312; x_wconf 90' lang='lat' dir='ltr'>curiam</span> <span class='ocrx_word' id='word_1_81' title='bbox 615 1269 680 1310; x_wconf 91' lang='lat' dir='ltr'>non</span> <span class='ocrx_word' id='word_1_82' title='bbox 708 1247 747 1310; x_wconf 90' lang='lat' dir='ltr'>ad</span> <span class='ocrx_word' id='word_1_83' title='bbox 776 1250 937 1310; x_wconf 85' lang='lat' dir='ltr'>certamen</span> <span class='ocrx_word' id='word_1_84' title='bbox 960 1245 1034 1309; x_wconf 87' lang='lat' dir='ltr'>adu·</span> 
     </span>
     <span class='ocr_line' id='line_1_14' title="bbox 67 1330 1035 1426; baseline -0.003 -31"><span class='ocrx_word' id='word_1_85' title='bbox 67 1333 233 1413; x_wconf 85' lang='lat' dir='ltr'>lationum,</span> <span class='ocrx_word' id='word_1_86' title='bbox 248 1331 304 1395; x_wconf 87' lang='lat' dir='ltr'>sed</span> <span class='ocrx_word' id='word_1_87' title='bbox 316 1331 356 1395; x_wconf 87' lang='lat' dir='ltr'>ad</span> <span class='ocrx_word' id='word_1_88' title='bbox 366 1353 460 1395; x_wconf 91' lang='lat' dir='ltr'>usum</span> <span class='ocrx_word' id='word_1_89' title='bbox 474 1353 652 1415; x_wconf 89' lang='lat' dir='ltr'>munusque</span> <span class='ocrx_word' id='word_1_90' title='bbox 665 1330 765 1394; x_wconf 90' lang='lat' dir='ltr'>iustit</span> <span class='ocrx_word' id='word_1_91' title='bbox 757 1352 805 1394; x_wconf 83' lang='lat' dir='ltr'>rae</span> <span class='ocrx_word' id='word_1_92' title='bbox 818 1331 1035 1426; x_wconf 89' lang='lat' dir='ltr'>conuenimus,</span> 
     </span>
     <span class='ocr_line' id='line_1_15' title="bbox 68 1413 1037 1513; baseline -0.004 -33"><span class='ocrx_word' id='word_1_93' title='bbox 68 1416 153 1480; x_wconf 90' lang='lat' dir='ltr'>hanc</span> <span class='ocrx_word' id='word_1_94' title='bbox 182 1416 382 1513; x_wconf 81' lang='lat' dir='ltr'>simplicitati</span> <span class='ocrx_word' id='word_1_95' title='bbox 410 1419 484 1480; x_wconf 87' lang='lat' dir='ltr'>tuae</span> <span class='ocrx_word' id='word_1_96' title='bbox 511 1416 705 1499; x_wconf 90' lang='lat' dir='ltr'>ueritatique</span> <span class='ocrx_word' id='word_1_97' title='bbox 737 1416 877 1499; x_wconf 81' lang='lat' dir='ltr'>gratiam</span> <span class='ocrx_word' id='word_1_98' title='bbox 904 1413 1037 1478; x_wconf 88' lang='lat' dir='ltr'>relaturi</span> 
     </span>
     <span class='ocr_line' id='line_1_16' title="bbox 68 1499 1075 1597; baseline -0.009 -31"><span class='ocrx_word' id='word_1_99' title='bbox 68 1506 106 1566; x_wconf 88' lang='grc' dir='ltr'>ιιι</span> <span class='ocrx_word' id='word_1_100' title='bbox 126 1504 158 1564; x_wconf 91' lang='lat' dir='ltr'>te</span> <span class='ocrx_word' id='word_1_101' title='bbox 181 1520 262 1583; x_wconf 91' lang='lat' dir='ltr'>quae</span> <span class='ocrx_word' id='word_1_102' title='bbox 291 1500 341 1563; x_wconf 90' lang='lat' dir='ltr'>uis</span> <span class='ocrx_word' id='word_1_103' title='bbox 367 1500 462 1583; x_wconf 87' lang='lat' dir='ltr'>uelle,</span> <span class='ocrx_word' id='word_1_104' title='bbox 486 1521 567 1584; x_wconf 90' lang='lat' dir='ltr'>quae</span> <span class='ocrx_word' id='word_1_105' title='bbox 588 1521 656 1564; x_wconf 87' lang='lat' dir='ltr'>non</span> <span class='ocrx_word' id='word_1_106' title='bbox 678 1501 728 1563; x_wconf 88' lang='lat' dir='ltr'>uis</span> <span class='ocrx_word' id='word_1_107' title='bbox 749 1499 841 1597; x_wconf 37' lang='lat' dir='ltr'>nolle·</span> <span class='ocrx_word' id='word_1_108' title='bbox 859 1499 1034 1563; x_wconf 81' lang='lat' dir='ltr'>credamus</span> <span class='ocrx_word' id='word_1_109' title='bbox 1050 1518 1075 1558; x_wconf 78' lang='grc' dir='ltr'>ιι</span> 
     </span>
     <span class='ocr_line' id='line_1_17' title="bbox 72 1583 1037 1668; baseline -0.002 -19"><span class='ocrx_word' id='word_1_110' title='bbox 72 1584 244 1668; x_wconf 85' lang='lat' dir='ltr'>incipimus</span> <span class='ocrx_word' id='word_1_111' title='bbox 265 1583 350 1667; x_wconf 87' lang='lat' dir='ltr'>inde,</span> <span class='ocrx_word' id='word_1_112' title='bbox 374 1584 549 1648; x_wconf 88' lang='lat' dir='ltr'>desinimus</span> <span class='ocrx_word' id='word_1_113' title='bbox 571 1585 627 1668; x_wconf 86' lang='lat' dir='ltr'>ibi,</span> <span class='ocrx_word' id='word_1_114' title='bbox 651 1607 670 1648; x_wconf 88' lang='lat' dir='ltr'>a</span> <span class='ocrx_word' id='word_1_115' title='bbox 692 1605 754 1668; x_wconf 91' lang='lat' dir='ltr'>quo</span> <span class='ocrx_word' id='word_1_116' title='bbox 776 1584 887 1668; x_wconf 87' lang='lat' dir='ltr'>incipi,</span> <span class='ocrx_word' id='word_1_117' title='bbox 917 1585 952 1648; x_wconf 92' lang='lat' dir='ltr'>in</span> <span class='ocrx_word' id='word_1_118' title='bbox 975 1605 1037 1667; x_wconf 91' lang='lat' dir='ltr'>quo</span> 
     </span>
     <span class='ocr_line' id='line_1_18' title="bbox 71 1634 1039 1752; baseline -0.002 -19"><span class='ocrx_word' id='word_1_119' title='bbox 71 1670 174 1733; x_wconf 89' lang='lat' dir='ltr'>desini</span> <span class='ocrx_word' id='word_1_120' title='bbox 197 1668 256 1731; x_wconf 92' lang='lat' dir='ltr'>sub</span> <span class='ocrx_word' id='word_1_121' title='bbox 279 1634 350 1731; x_wconf 88' lang='lat' dir='ltr'>alio</span> <span class='ocrx_word' id='word_1_122' title='bbox 364 1669 510 1752; x_wconf 88' lang='lat' dir='ltr'>principe</span> <span class='ocrx_word' id='word_1_123' title='bbox 532 1690 599 1732; x_wconf 92' lang='lat' dir='ltr'>non</span> <span class='ocrx_word' id='word_1_124' title='bbox 621 1672 739 1752; x_wconf 89' lang='lat' dir='ltr'>posset.</span> <span class='ocrx_word' id='word_1_125' title='bbox 773 1691 848 1732; x_wconf 90' lang='lat' dir='ltr'>nam</span> <span class='ocrx_word' id='word_1_126' title='bbox 869 1669 1039 1752; x_wconf 90' lang='lat' dir='ltr'>plerosque</span> 
     </span>
     <span class='ocr_line' id='line_1_19' title="bbox 72 1751 1038 1837; baseline -0.003 -19"><span class='ocrx_word' id='word_1_127' title='bbox 72 1776 110 1818; x_wconf 84' lang='lat' dir='ltr'>ex</span> <span class='ocrx_word' id='word_1_128' title='bbox 133 1753 267 1817; x_wconf 87' lang='lat' dir='ltr'>decretis</span> <span class='ocrx_word' id='word_1_129' title='bbox 289 1751 467 1817; x_wconf 86' lang='lat' dir='ltr'>honoribus</span> <span class='ocrx_word' id='word_1_130' title='bbox 490 1756 522 1816; x_wconf 88' lang='lat' dir='ltr'>et</span> <span class='ocrx_word' id='word_1_131' title='bbox 544 1753 598 1815; x_wconf 89' lang='lat' dir='ltr'>alii</span> <span class='ocrx_word' id='word_1_132' title='bbox 620 1775 688 1817; x_wconf 91' lang='lat' dir='ltr'>non</span> <span class='ocrx_word' id='word_1_133' title='bbox 709 1756 914 1837; x_wconf 81' lang='lat' dir='ltr'>receperunt3</span> <span class='ocrx_word' id='word_1_134' title='bbox 944 1772 1038 1816; x_wconf 91' lang='lat' dir='ltr'>nemo</span> 
     </span>
     <span class='ocr_line' id='line_1_20' title="bbox 73 1803 1038 1902; baseline -0.001 -1"><span class='ocrx_word' id='word_1_135' title='bbox 73 1841 187 1902; x_wconf 80' lang='lat' dir='ltr'>antet</span> <span class='ocrx_word' id='word_1_136' title='bbox 183 1857 203 1901; x_wconf 85' lang='lat' dir='ltr'>e</span> <span class='ocrx_word' id='word_1_137' title='bbox 174 1839 339 1900; x_wconf 80' lang='lat' dir='ltr'>ttantus</span> <span class='ocrx_word' id='word_1_138' title='bbox 368 1836 479 1900; x_wconf 89' lang='lat' dir='ltr'>fuitu</span> <span class='ocrx_word' id='word_1_139' title='bbox 480 1836 664 1901; x_wconf 90' lang='lat' dir='ltr'>ttcredere</span> <span class='ocrx_word' id='word_1_140' title='bbox 650 1842 703 1901; x_wconf 90' lang='lat' dir='ltr'>tur</span> <span class='ocrx_word' id='word_1_141' title='bbox 731 1839 872 1902; x_wconf 90' lang='lat' dir='ltr'>noluisse</span> <span class='ocrx_word' id='word_1_142' title='bbox 900 1803 1038 1901; x_wconf 90' lang='lat' dir='ltr'>decerni.</span> 
     </span>
     <span class='ocr_line' id='line_1_21' title="bbox 71 1840 1079 2068; baseline 0 -83"><span class='ocrx_word' id='word_1_143' title='bbox 71 1921 158 2006; x_wconf 89' lang='lat' dir='ltr'>quod</span> <span class='ocrx_word' id='word_1_144' title='bbox 192 1941 252 2004; x_wconf 90' lang='lat' dir='ltr'>ego</span> <span class='ocrx_word' id='word_1_145' title='bbox 280 1920 386 1984; x_wconf 87' lang='lat' dir='ltr'>titulis</span> <span class='ocrx_word' id='word_1_146' title='bbox 420 1840 568 1985; x_wconf 73' lang='lat' dir='ltr'>onihibus</span> <span class='ocrx_word' id='word_1_147' title='bbox 598 1923 771 2004; x_wconf 84' lang='lat' dir='ltr'>speciosius</span> <span class='ocrx_word' id='word_1_148' title='bbox 799 1943 878 2005; x_wconf 85' lang='lat' dir='ltr'>reor,</span> <span class='ocrx_word' id='word_1_149' title='bbox 913 1922 1041 2068; x_wconf 80' lang='lat' dir='ltr'>quando</span> <span class='ocrx_word' id='word_1_150' title='bbox 1054 1940 1079 1978; x_wconf 74' lang='grc' dir='ltr'>ιι</span> 
     </span>
     <span class='ocr_line' id='line_1_22' title="bbox 72 2005 1041 2072; baseline -0.001 -3"><span class='ocrx_word' id='word_1_151' title='bbox 72 2027 138 2069; x_wconf 93' lang='lat' dir='ltr'>non</span> <span class='ocrx_word' id='word_1_152' title='bbox 152 2005 297 2069; x_wconf 87' lang='lat' dir='ltr'>trabibus</span> <span class='ocrx_word' id='word_1_153' title='bbox 320 2008 375 2068; x_wconf 90' lang='lat' dir='ltr'>aut</span> <span class='ocrx_word' id='word_1_154' title='bbox 396 2006 482 2068; x_wconf 84' lang='lat' dir='ltr'>saxis</span> <span class='ocrx_word' id='word_1_155' title='bbox 504 2027 621 2070; x_wconf 90' lang='lat' dir='ltr'>nomen</span> <span class='ocrx_word' id='word_1_156' title='bbox 635 2011 724 2072; x_wconf 89' lang='lat' dir='ltr'>tuum</span> <span class='ocrx_word' id='word_1_157' title='bbox 748 2006 803 2070; x_wconf 90' lang='lat' dir='ltr'>sed</span> <span class='ocrx_word' id='word_1_158' title='bbox 825 2010 1011 2070; x_wconf 90' lang='lat' dir='ltr'>monument</span> <span class='ocrx_word' id='word_1_159' title='bbox 1014 2007 1041 2068; x_wconf 89' lang='lat' dir='ltr'>is</span> 
     </span>
     <span class='ocr_line' id='line_1_23' title="bbox 73 2088 531 2154; baseline -0.004 0"><span class='ocrx_word' id='word_1_160' title='bbox 73 2093 222 2154; x_wconf 88' lang='lat' dir='ltr'>aeternae</span> <span class='ocrx_word' id='word_1_161' title='bbox 244 2088 348 2152; x_wconf 87' lang='lat' dir='ltr'>laudis</span> <span class='ocrx_word' id='word_1_162' title='bbox 370 2089 531 2153; x_wconf 89' lang='lat' dir='ltr'>inciditur.</span> 
     </span>
    </p>

    <p class='ocr_par' dir='ltr' id='par_1_4' title="bbox 74 2172 1088 3100">
     <span class='ocr_line' id='line_1_24' title="bbox 136 2172 1044 2267; baseline -0.003 -30"><span class='ocrx_word' id='word_1_163' title='bbox 136 2173 205 2237; x_wconf 87' lang='lat' dir='ltr'>LV.</span> <span class='ocrx_word' id='word_1_164' title='bbox 236 2172 331 2237; x_wconf 91' lang='lat' dir='ltr'>Ibit</span> <span class='ocrx_word' id='word_1_165' title='bbox 322 2195 358 2235; x_wconf 91' lang='grc' dir='ltr'>ιιι</span> <span class='ocrx_word' id='word_1_166' title='bbox 380 2173 507 2237; x_wconf 89' lang='lat' dir='ltr'>saecula</span> <span class='ocrx_word' id='word_1_167' title='bbox 527 2174 626 2238; x_wconf 85' lang='lat' dir='ltr'>fuisse</span> <span class='ocrx_word' id='word_1_168' title='bbox 644 2175 825 2258; x_wconf 91' lang='lat' dir='ltr'>principem</span> <span class='ocrx_word' id='word_1_169' title='bbox 848 2173 1044 2267; x_wconf 72' lang='lat' dir='ltr'>cu1florerrti</span> 
     </span>
     <span class='ocr_line' id='line_1_25' title="bbox 74 2255 1044 2340; baseline -0.006 -18"><span class='ocrx_word' id='word_1_170' title='bbox 74 2261 108 2322; x_wconf 90' lang='lat' dir='ltr'>et</span> <span class='ocrx_word' id='word_1_171' title='bbox 129 2257 283 2321; x_wconf 90' lang='lat' dir='ltr'>incolumi</span> <span class='ocrx_word' id='word_1_172' title='bbox 309 2278 483 2340; x_wconf 87' lang='lat' dir='ltr'>numquam</span> <span class='ocrx_word' id='word_1_173' title='bbox 512 2259 575 2321; x_wconf 90' lang='lat' dir='ltr'>nisi</span> <span class='ocrx_word' id='word_1_174' title='bbox 597 2259 713 2321; x_wconf 88' lang='lat' dir='ltr'>modici</span> <span class='ocrx_word' id='word_1_175' title='bbox 735 2258 888 2338; x_wconf 86' lang='lat' dir='ltr'>honores,</span> <span class='ocrx_word' id='word_1_176' title='bbox 920 2255 1044 2336; x_wconf 88' lang='lat' dir='ltr'>saepius</span> 
     </span>
     <span class='ocr_line' id='line_1_26' title="bbox 75 2339 1084 2439; baseline -0.007 -33"><span class='ocrx_word' id='word_1_177' title='bbox 75 2342 157 2406; x_wconf 88' lang='lat' dir='ltr'>nulli</span> <span class='ocrx_word' id='word_1_178' title='bbox 172 2342 426 2405; x_wconf 87' lang='lat' dir='ltr'>decernerentur.</span> <span class='ocrx_word' id='word_1_179' title='bbox 458 2345 491 2406; x_wconf 92' lang='lat' dir='ltr'>et</span> <span class='ocrx_word' id='word_1_180' title='bbox 507 2364 593 2424; x_wconf 90' lang='lat' dir='ltr'>sane,</span> <span class='ocrx_word' id='word_1_181' title='bbox 616 2365 643 2405; x_wconf 90' lang='lat' dir='ltr'>s1</span> <span class='ocrx_word' id='word_1_182' title='bbox 635 2342 795 2439; x_wconf 81' lang='lat' dir='ltr'>uelimus</span> <span class='ocrx_word' id='word_1_183' title='bbox 817 2362 888 2404; x_wconf 91' lang='lat' dir='ltr'>cum</span> <span class='ocrx_word' id='word_1_184' title='bbox 902 2339 1045 2436; x_wconf 81' lang='lat' dir='ltr'>priorum</span> <span class='ocrx_word' id='word_1_185' title='bbox 1059 2358 1084 2398; x_wconf 84' lang='grc' dir='ltr'>ιι</span> 
     </span>
     <span class='ocr_line' id='line_1_27' title="bbox 75 2423 1047 2523; baseline -0.002 -33"><span class='ocrx_word' id='word_1_186' title='bbox 75 2431 257 2523; x_wconf 77' lang='lat' dir='ltr'>temporum</span> <span class='ocrx_word' id='word_1_187' title='bbox 278 2427 469 2490; x_wconf 89' lang='lat' dir='ltr'>necessitate</span> <span class='ocrx_word' id='word_1_188' title='bbox 491 2430 625 2508; x_wconf 83' lang='lat' dir='ltr'>certare,</span> <span class='ocrx_word' id='word_1_189' title='bbox 648 2426 826 2490; x_wconf 83' lang='lat' dir='ltr'>uincamur:</span> <span class='ocrx_word' id='word_1_190' title='bbox 848 2423 1047 2522; x_wconf 83' lang='lat' dir='ltr'>ingeniosior</span> 
     </span>
     <span class='ocr_line' id='line_1_28' title="bbox 76 2509 1048 2608; baseline -0.002 -34"><span class='ocrx_word' id='word_1_191' title='bbox 76 2514 127 2574; x_wconf 91' lang='lat' dir='ltr'>est</span> <span class='ocrx_word' id='word_1_192' title='bbox 148 2510 234 2574; x_wconf 92' lang='lat' dir='ltr'>enim</span> <span class='ocrx_word' id='word_1_193' title='bbox 258 2509 299 2573; x_wconf 91' lang='lat' dir='ltr'>ad</span> <span class='ocrx_word' id='word_1_194' title='bbox 322 2510 568 2595; x_wconf 85' lang='lat' dir='ltr'>excogitandum</span> <span class='ocrx_word' id='word_1_195' title='bbox 590 2511 752 2575; x_wconf 89' lang='lat' dir='ltr'>simulatio</span> <span class='ocrx_word' id='word_1_196' title='bbox 775 2510 920 2608; x_wconf 78' lang='lat' dir='ltr'>ueritate,</span> <span class='ocrx_word' id='word_1_197' title='bbox 950 2510 1048 2573; x_wconf 87' lang='lat' dir='ltr'>serui-</span> 
     </span>
     <span class='ocr_line' id='line_1_29' title="bbox 77 2595 1049 2679; baseline 0 -22"><span class='ocrx_word' id='word_1_198' title='bbox 77 2598 130 2658; x_wconf 91' lang='lat' dir='ltr'>tus</span> <span class='ocrx_word' id='word_1_199' title='bbox 152 2595 313 2673; x_wconf 87' lang='lat' dir='ltr'>libertate,</span> <span class='ocrx_word' id='word_1_200' title='bbox 335 2598 439 2659; x_wconf 87' lang='lat' dir='ltr'>metus</span> <span class='ocrx_word' id='word_1_201' title='bbox 463 2617 579 2660; x_wconf 91' lang='lat' dir='ltr'>amore.</span> <span class='ocrx_word' id='word_1_202' title='bbox 617 2596 722 2679; x_wconf 84' lang='lat' dir='ltr'>simul,</span> <span class='ocrx_word' id='word_1_203' title='bbox 745 2618 816 2660; x_wconf 92' lang='lat' dir='ltr'>cum</span> <span class='ocrx_word' id='word_1_204' title='bbox 839 2595 1049 2677; x_wconf 90' lang='lat' dir='ltr'>iampridem</span> 
     </span>
     <span class='ocr_line' id='line_1_30' title="bbox 78 2679 1049 2765; baseline 0.001 -24"><span class='ocrx_word' id='word_1_205' title='bbox 78 2679 205 2742; x_wconf 89' lang='lat' dir='ltr'>nouitas</span> <span class='ocrx_word' id='word_1_206' title='bbox 233 2679 336 2742; x_wconf 92' lang='lat' dir='ltr'>omnis</span> <span class='ocrx_word' id='word_1_207' title='bbox 364 2679 545 2744; x_wconf 89' lang='lat' dir='ltr'>adulatione</span> <span class='ocrx_word' id='word_1_208' title='bbox 573 2684 762 2765; x_wconf 90' lang='lat' dir='ltr'>consumpta</span> <span class='ocrx_word' id='word_1_209' title='bbox 790 2681 841 2760; x_wconf 88' lang='lat' dir='ltr'>sit,</span> <span class='ocrx_word' id='word_1_210' title='bbox 871 2702 937 2743; x_wconf 91' lang='lat' dir='ltr'>non</span> <span class='ocrx_word' id='word_1_211' title='bbox 967 2679 1049 2743; x_wconf 89' lang='lat' dir='ltr'>alius</span> 
     </span>
     <span class='ocr_line' id='line_1_31' title="bbox 79 2729 1088 2863; baseline -0.003 -35"><span class='ocrx_word' id='word_1_212' title='bbox 79 2783 156 2849; x_wconf 90' lang='lat' dir='ltr'>erga</span> <span class='ocrx_word' id='word_1_213' title='bbox 177 2767 210 2826; x_wconf 92' lang='lat' dir='ltr'>te</span> <span class='ocrx_word' id='word_1_214' title='bbox 231 2784 334 2826; x_wconf 90' lang='lat' dir='ltr'>nouus</span> <span class='ocrx_word' id='word_1_215' title='bbox 357 2764 460 2828; x_wconf 91' lang='lat' dir='ltr'>honor</span> <span class='ocrx_word' id='word_1_216' title='bbox 482 2768 628 2863; x_wconf 78' lang='lat' dir='ltr'>superest</span> <span class='ocrx_word' id='word_1_217' title='bbox 649 2787 744 2849; x_wconf 91' lang='lat' dir='ltr'>quam</span> <span class='ocrx_word' id='word_1_218' title='bbox 766 2766 794 2829; x_wconf 90' lang='lat' dir='ltr'>si</span> <span class='ocrx_word' id='word_1_219' title='bbox 815 2729 987 2862; x_wconf 81' lang='lat' dir='ltr'>aliquando</span> <span class='ocrx_word' id='word_1_220' title='bbox 1009 2762 1048 2826; x_wconf 92' lang='lat' dir='ltr'>de</span> <span class='ocrx_word' id='word_1_221' title='bbox 1062 2779 1088 2821; x_wconf 74' lang='grc' dir='ltr'>ιο</span> 
     </span>
     <span class='ocr_line' id='line_1_32' title="bbox 78 2847 1051 2996; baseline -0.001 -86"><span class='ocrx_word' id='word_1_222' title='bbox 78 2851 111 2911; x_wconf 89' lang='lat' dir='ltr'>te</span> <span class='ocrx_word' id='word_1_223' title='bbox 139 2850 246 2911; x_wconf 90' lang='lat' dir='ltr'>tacere</span> <span class='ocrx_word' id='word_1_224' title='bbox 274 2847 455 2996; x_wconf 86' lang='lat' dir='ltr'>audeamus.</span> <span class='ocrx_word' id='word_1_225' title='bbox 493 2870 564 2933; x_wconf 86' lang='lat' dir='ltr'>age,</span> <span class='ocrx_word' id='word_1_226' title='bbox 593 2850 620 2913; x_wconf 92' lang='lat' dir='ltr'>si</span> <span class='ocrx_word' id='word_1_227' title='bbox 649 2849 776 2932; x_wconf 90' lang='lat' dir='ltr'>quando</span> <span class='ocrx_word' id='word_1_228' title='bbox 809 2849 911 2945; x_wconf 77' lang='lat' dir='ltr'>pietas</span> <span class='ocrx_word' id='word_1_229' title='bbox 939 2849 1051 2911; x_wconf 81' lang='lat' dir='ltr'>nostra</span> 
     </span>
     <span class='ocr_line' id='line_1_33' title="bbox 81 2932 1051 3015; baseline -0.001 -20"><span class='ocrx_word' id='word_1_230' title='bbox 81 2932 244 2996; x_wconf 89' lang='lat' dir='ltr'>silentium</span> <span class='ocrx_word' id='word_1_231' title='bbox 281 2932 437 3015; x_wconf 88' lang='lat' dir='ltr'>rupitet</span> <span class='ocrx_word' id='word_1_232' title='bbox 405 2934 696 2997; x_wconf 88' lang='lat' dir='ltr'>euerecundiam</span> <span class='ocrx_word' id='word_1_233' title='bbox 733 2937 821 2996; x_wconf 91' lang='lat' dir='ltr'>tuam</span> <span class='ocrx_word' id='word_1_234' title='bbox 852 2932 940 3015; x_wconf 88' lang='lat' dir='ltr'>uicit,</span> <span class='ocrx_word' id='word_1_235' title='bbox 970 2952 1051 3015; x_wconf 91' lang='lat' dir='ltr'>quae</span> 
     </span>
     <span class='ocr_line' id='line_1_34' title="bbox 80 3016 1051 3100; baseline 0.001 -22"><span class='ocrx_word' id='word_1_236' title='bbox 80 3016 249 3100; x_wconf 90' lang='lat' dir='ltr'>qualiaque</span> <span class='ocrx_word' id='word_1_237' title='bbox 278 3019 334 3079; x_wconf 88' lang='lat' dir='ltr'>aut</span> <span class='ocrx_word' id='word_1_238' title='bbox 360 3016 559 3081; x_wconf 90' lang='lat' dir='ltr'>decernimus</span> <span class='ocrx_word' id='word_1_239' title='bbox 585 3039 645 3081; x_wconf 93' lang='lat' dir='ltr'>nos</span> <span class='ocrx_word' id='word_1_240' title='bbox 673 3021 729 3081; x_wconf 89' lang='lat' dir='ltr'>aut</span> <span class='ocrx_word' id='word_1_241' title='bbox 756 3021 791 3081; x_wconf 90' lang='lat' dir='ltr'>tu</span> <span class='ocrx_word' id='word_1_242' title='bbox 820 3038 886 3081; x_wconf 90' lang='lat' dir='ltr'>non</span> <span class='ocrx_word' id='word_1_243' title='bbox 908 3017 1051 3080; x_wconf 86' lang='lat' dir='ltr'>recusas!</span> 
     </span>
    </p>
   </div>
   <div class='ocr_carea' id='block_1_3' title="bbox 82 3217 1056 3556">
    <p class='ocr_par' dir='ltr' id='par_1_5' title="bbox 82 3217 1056 3556">
     <span class='ocr_line' id='line_1_35' title="bbox 151 3217 1054 3288; baseline 0 -19"><span class='ocrx_word' id='word_1_244' title='bbox 151 3223 166 3269; x_wconf 84' lang='grc'><strong>6</strong></span> <span class='ocrx_word' id='word_1_245' title='bbox 185 3217 247 3286; x_wconf 86' lang='lat' dir='ltr'>nec]</span> <span class='ocrx_word' id='word_1_246' title='bbox 269 3235 323 3271; x_wconf 90' lang='lat' dir='ltr'>non</span> <span class='ocrx_word' id='word_1_247' title='bbox 341 3220 446 3287; x_wconf 72' lang='lat' dir='ltr'>Bvlll</span> <span class='ocrx_word' id='word_1_248' title='bbox 465 3221 626 3273; x_wconf 82' lang='lat' dir='ltr'>dicebamus</span> <span class='ocrx_word' id='word_1_249' title='bbox 645 3238 673 3288; x_wconf 89' lang='grc' dir='ltr'>ς·</span> <span class='ocrx_word' id='word_1_250' title='bbox 693 3223 852 3273; x_wconf 87' lang='lat' dir='ltr'>dicebamus</span> <span class='ocrx_word' id='word_1_251' title='bbox 871 3225 897 3270; x_wconf 79' lang='grc' dir='ltr'><strong>Μ</strong></span> <span class='ocrx_word' id='word_1_252' title='bbox 915 3220 924 3286; x_wconf 72' lang='lat' dir='ltr'>{l</span> <span class='ocrx_word' id='word_1_253' title='bbox 943 3224 973 3270; x_wconf 91' lang='lat'>11</span> <span class='ocrx_word' id='word_1_254' title='bbox 993 3221 1054 3270; x_wconf 87' lang='lat' dir='ltr'>laus</span> 
     </span>
     <span class='ocr_line' id='line_1_36' title="bbox 83 3288 1056 3355; baseline -0.001 -18"><span class='ocrx_word' id='word_1_255' title='bbox 83 3289 154 3338; x_wconf 88' lang='lat' dir='ltr'>haec</span> <span class='ocrx_word' id='word_1_256' title='bbox 175 3289 318 3338; x_wconf 81' lang='lat' dir='ltr'>Gesnerus:</span> <span class='ocrx_word' id='word_1_257' title='bbox 340 3289 534 3340; x_wconf 74' lang='lat' dir='ltr'>haeclaushi</span> <span class='ocrx_word' id='word_1_258' title='bbox 560 3290 565 3351; x_wconf 94' lang='grc' dir='ltr'>Ι</span> <span class='ocrx_word' id='word_1_259' title='bbox 592 3293 733 3342; x_wconf 80' lang='lat' dir='ltr'>estidem:</span> <span class='ocrx_word' id='word_1_260' title='bbox 756 3292 826 3340; x_wconf 74' lang='lat' dir='ltr'>ern</span> <span class='ocrx_word' id='word_1_261' title='bbox 856 3288 866 3355; x_wconf 89' lang='lat' dir='ltr'>l</span> <span class='ocrx_word' id='word_1_262' title='bbox 897 3292 929 3339; x_wconf 84' lang='lat'>19</span> <span class='ocrx_word' id='word_1_263' title='bbox 948 3294 1011 3338; x_wconf 88' lang='lat' dir='ltr'>ante</span> <span class='ocrx_word' id='word_1_264' title='bbox 1029 3293 1056 3336; x_wconf 84' lang='lat' dir='ltr'>te</span> 
     </span>
     <span class='ocr_line' id='line_1_37' title="bbox 82 3354 1056 3423; baseline -0.001 -18"><span class='ocrx_word' id='word_1_265' title='bbox 82 3356 204 3421; x_wconf 77' lang='lat' dir='ltr'>Lipsius:</span> <span class='ocrx_word' id='word_1_266' title='bbox 224 3354 396 3423; x_wconf 70' lang='lat' dir='ltr'>antelll26</span> <span class='ocrx_word' id='word_1_267' title='bbox 415 3372 476 3410; x_wconf 90' lang='lat' dir='ltr'>nec</span> <span class='ocrx_word' id='word_1_268' title='bbox 496 3359 669 3408; x_wconf 88' lang='lat' dir='ltr'>uinceremur</span> <span class='ocrx_word' id='word_1_269' title='bbox 688 3363 804 3409; x_wconf 87' lang='lat' dir='ltr'>certare.</span> <span class='ocrx_word' id='word_1_270' title='bbox 820 3354 965 3423; x_wconf 66' lang='lat' dir='ltr'>ingenti</span> <span class='ocrx_word' id='word_1_271' title='bbox 984 3356 1056 3404; x_wconf 85' lang='lat' dir='ltr'>eninr</span> 
     </span>
     <span class='ocr_line' id='line_1_38' title="bbox 82 3415 1056 3490; baseline -0.003 -17"><span class='ocrx_word' id='word_1_272' title='bbox 82 3440 130 3474; x_wconf 87' lang='lat' dir='ltr'>om.</span> <span class='ocrx_word' id='word_1_273' title='bbox 149 3421 194 3487; x_wconf 74' lang='lat' dir='ltr'>0ss</span> <span class='ocrx_word' id='word_1_274' title='bbox 212 3425 246 3472; x_wconf 81' lang='lat'>29</span> <span class='ocrx_word' id='word_1_275' title='bbox 263 3426 346 3473; x_wconf 81' lang='lat' dir='ltr'>malim</span> <span class='ocrx_word' id='word_1_276' title='bbox 356 3415 521 3475; x_wconf 88' lang='lat' dir='ltr'>adulationi</span> <span class='ocrx_word' id='word_1_277' title='bbox 538 3424 548 3489; x_wconf 78' lang='grc' dir='ltr'>ΙΙ</span> <span class='ocrx_word' id='word_1_278' title='bbox 565 3429 598 3476; x_wconf 84' lang='grc'>33</span> <span class='ocrx_word' id='word_1_279' title='bbox 618 3425 766 3490; x_wconf 88' lang='lat' dir='ltr'>qualiaque</span> <span class='ocrx_word' id='word_1_280' title='bbox 787 3430 835 3475; x_wconf 88' lang='lat' dir='ltr'>aut</span> <span class='ocrx_word' id='word_1_281' title='bbox 853 3426 911 3477; x_wconf 87' lang='lat' dir='ltr'>dec.</span> <span class='ocrx_word' id='word_1_282' title='bbox 924 3426 969 3471; x_wconf 84' lang='lat' dir='ltr'>W:</span> <span class='ocrx_word' id='word_1_283' title='bbox 989 3437 1056 3485; x_wconf 90' lang='lat' dir='ltr'>qua-</span> 
     </span>
     <span class='ocr_line' id='line_1_39' title="bbox 85 3490 726 3556; baseline -0.002 -15"><span class='ocrx_word' id='word_1_284' title='bbox 85 3491 183 3556; x_wconf 84' lang='lat' dir='ltr'>liaque</span> <span class='ocrx_word' id='word_1_285' title='bbox 203 3490 261 3540; x_wconf 83' lang='lat' dir='ltr'>dec.</span> <span class='ocrx_word' id='word_1_286' title='bbox 281 3492 412 3555; x_wconf 69' lang='lat' dir='ltr'>equalis</span> <span class='ocrx_word' id='word_1_287' title='bbox 431 3493 502 3556; x_wconf 88' lang='lat' dir='ltr'>quod</span> <span class='ocrx_word' id='word_1_288' title='bbox 521 3498 568 3543; x_wconf 87' lang='lat' dir='ltr'>aut</span> <span class='ocrx_word' id='word_1_289' title='bbox 587 3493 646 3546; x_wconf 91' lang='lat' dir='ltr'>dec</span> <span class='ocrx_word' id='word_1_290' title='bbox 665 3494 726 3540; x_wconf 79' lang='lat' dir='ltr'>BV</span> 
     </span>
    </p>
   </div>
   <div class='ocr_carea' id='block_1_4' title="bbox 128 3577 868 3625">
    <p class='ocr_par' dir='ltr' id='par_1_6' title="bbox 128 3577 868 3625">
     <span class='ocr_line' id='line_1_40' title="bbox 128 3577 868 3625; baseline 0.007 -5"><span class='ocrx_word' id='word_1_291' title='bbox 128 3581 224 3621; x_wconf 77' lang='lat' dir='ltr'>Parere.</span> <span class='ocrx_word' id='word_1_292' title='bbox 239 3590 296 3622; x_wconf 76' lang='lat' dir='ltr'>aar.</span> <span class='ocrx_word' id='word_1_293' title='bbox 848 3577 868 3625; x_wconf 60' lang='lat' dir='ltr'>h</span> 
     </span>
    </p>
   </div>
   <div class='ocr_carea' id='block_1_5' title="bbox 0 0 1175 3780">
    <p class='ocr_par' dir='ltr' id='par_1_7' title="bbox 0 0 1175 3780">
     <span class='ocr_line' id='line_1_41' title="bbox 0 0 1175 3780; baseline 0 0"><span class='ocrx_word' id='word_1_294' title='bbox 0 0 1175 3780; x_wconf 95' lang='lat' dir='ltr'> </span> 
     </span>
    </p>
   </div>
  </div>
 </body>
</html>
