2294 3780
211 152 423 206 unxmmno
443 154 490 205 ΕΤ
509 152 769 207 CONSTANTINO
788 155 821 206 D.
846 158 922 209 7-9.
992 154 1052 220 155

80 301 118 366 di
131 301 205 385 ipsi,
228 301 312 385 quod
326 302 511 387 plerumque
532 303 688 368 humanas
707 325 758 368 res
780 303 957 389 neglegant
977 304 1052 371 dum

80 386 257 470 querimur,
277 387 460 470 ignoscunt,
482 388 595 472 quibus
611 388 697 453 aliud
712 388 849 453 fortasse
866 388 1051 453 curantibus

81 469 259 553 grandines
282 475 390 551 ruunt,
413 476 516 536 terrae
538 471 716 554 dehiscunt,
741 474 835 537 urbes
850 472 1051 537 hauriuntur.

81 575 166 638 quae
186 574 253 618 non
271 555 336 619 illis
353 555 573 640 [hauriuntur]
589 557 785 640 uolentibus,
809 558 864 621 sed
886 560 942 621 eut
959 557 1051 621 alior-

81 661 157 704 sum
184 638 414 722 aspicientibus
447 644 502 705 aut
529 641 623 705 fatali
649 663 754 706 rerum
787 646 923 727 urgente
957 659 1077 706 cursus

82 722 235 787 uidentur
257 723 410 789 accidere.
454 724 519 789 tale
542 728 606 808 est,
629 725 820 809 imperator,
845 726 928 810 quod
950 726 1051 790 omni-

82 807 144 872 bus
164 807 260 871 nobis
275 808 400 873 incluso
416 809 540 893 gemitu
560 810 775 875 maerentibus
789 810 894 875 facere
910 810 1051 893 uoluisti,

81 912 153 956 non
174 891 302 975 quidem
323 894 360 956 tu
382 896 427 956 rei
449 893 598 977 publicae
625 895 834 979 neglegentia
856 898 912 959 aut
932 894 1051 959 laboris

80 975 163 1060 fuga
183 978 240 1039 aut
254 976 393 1041 desidiae
417 977 590 1061 eupiditate
605 977 728 1062 duetus,
751 980 806 1043 sed
822 978 947 1044 consilii
965 979 1050 1061 olim,

82 1063 121 1124 ut
147 1081 198 1124 res
226 1062 288 1138 est,
321 1061 408 1127 inter
435 1083 493 1126 uos
520 1063 633 1146 placiti
661 1064 843 1127 constantia
872 1067 904 1127 et
931 1064 1051 1146 pietate
1065 1083 1089 1122 ro

82 1143 240 1227 fraterna,
263 1166 314 1228 ne,
338 1166 433 1230 quem
448 1146 547 1211 totius
564 1148 649 1212 uitae
672 1167 930 1231 summarumque
945 1169 1051 1211 rerum

82 1229 206 1294 socium
229 1250 354 1314 semper
368 1229 543 1313 habuisses,
565 1232 602 1295 in
624 1232 758 1295 alicuius
775 1231 853 1295 facti
876 1232 1051 1295 communi·

82 1316 152 1377 tate
175 1313 336 1378 desereres
358 1335 440 1379 neue
461 1315 559 1398 illius,
583 1315 700 1379 uiderit
721 1316 817 1399 quali,
842 1319 927 1379 certe
949 1336 1051 1378 nouae

83 1396 172 1461 laudi
199 1398 337 1463 cederes.
388 1421 498 1464 uerum
525 1399 622 1483 longe
650 1399 776 1463 diuersa
802 1400 837 1463 in
863 1398 954 1462 uobis
983 1401 1052 1462 erat

84 1498 181 1547 causa
202 1482 385 1547 declinandi
407 1489 462 1548 aut
482 1483 664 1548 sustinendi
685 1482 810 1548 laboris.
848 1502 1089 1567 quemquamne

84 1566 212 1631 etiamsi
246 1570 350 1631 tutam
386 1569 625 1632 exeusationem
663 1569 779 1633 aetatis
815 1567 959 1650 afferres,
1005 1568 1051 1632 sic

84 1672 210 1735 quoque
232 1651 292 1715 tibi
313 1653 359 1716 rei
382 1652 529 1735 publicae
552 1652 635 1717 euris
658 1673 726 1716 non
748 1655 816 1716 erat
838 1652 1050 1716 abnuendum.

84 1757 139 1817 an,
164 1736 192 1800 si
213 1735 372 1800 maximus
394 1737 526 1883 &uisque
548 1740 628 1800 natu
649 1737 846 1821 gubernator
868 1736 1051 1801 uectoribua

82 1822 134 1883 est
155 1820 350 1884 certissimus
377 1842 396 1883 a
442 1821 592 1902 salutem,
622 1843 689 1885 non
710 1822 738 1885 is
765 1827 814 1885 est
835 1821 974 1905 optimus
997 1821 1051 1904 qui

84 1925 144 1967 usu
165 1905 376 1987 peritissimus
397 1905 593 1987 imperator?
628 1905 708 1970 haut
729 1910 761 1970 te
783 1928 944 1990 umquam,
969 1905 1050 1971 Con·
1064 1925 1089 1964 eo

83 1988 238 2070 stamine,
261 1989 354 2053 liberi
374 1990 478 2053 nostri
500 1993 693 2074 nepotesque
709 1991 881 2074 patientur,
904 1990 956 2053 uel
979 2011 1052 2053 eum

85 2072 126 2135 ad
149 2094 306 2136 summam
321 2075 505 2155 perueneris
527 2077 732 2152 senectutem,
756 2076 802 2139 rei
817 2073 964 2156 publicae
979 2073 1052 2136 uela

84 2155 273 2221 contrahere
301 2179 383 2241 quae
405 2163 471 2222 tam
493 2157 640 2222 felicibus
669 2160 773 2221 uentis
802 2158 898 2221 etiam
926 2156 1051 2219 iuuenis

83 2241 279 2324 impleueris.
308 2242 362 2305 sed
378 2246 486 2307 tamen
508 2248 680 2326 utcumque
696 2241 745 2304 fas
759 2242 857 2304 fuerit
878 2262 950 2304 eum
965 2239 1051 2322 prin-

84 2326 205 2409 cipem,
234 2346 329 2410 quem
357 2329 435 2391 anni
463 2329 616 2412 cogerent
643 2329 697 2389 aut
718 2324 861 2389 ualitudo
891 2324 1049 2406 deficeret,
1064 2341 1090 2382 rs

83 2410 227 2493 receptui
251 2432 380 2476 canere:
416 2413 449 2475 te
471 2432 561 2493 uero,
590 2411 626 2474 in
654 2430 717 2492 quo
743 2408 846 2473 adhue
872 2409 955 2472 istae
977 2409 1053 2470 sunt

84 2494 234 2591 integrae
257 2495 439 2580 solidaeque
461 2496 561 2577 uires,
586 2493 641 2558 hic
663 2494 762 2558 totius
786 2494 926 2576 corporis
948 2493 1051 2576 uigor,

84 2577 140 2643 bic
161 2581 384 2662 mperatorius
406 2579 502 2644 ardor
523 2579 700 2660 oculorum,
723 2580 928 2643 immaturum
950 2577 1051 2641 otium

84 2682 229 2746 sperasse
258 2665 419 2728 miramur.
463 2663 538 2748 quid
560 2664 646 2728 enim
675 2662 761 2728 aliud
783 2662 934 2746 participi
956 2661 1052 2724 maie·

85 2747 179 2811 statis
201 2751 276 2812 tuae
304 2748 379 2813 dare
407 2749 514 2833 potuit
538 2749 665 2812 ueniam
693 2749 808 2831 quietis
835 2769 930 2830 quam
957 2748 993 2808 ut
1015 2749 1051 2808 tu
1064 2763 1091 2803 eo

84 2832 222 2915 imperio
245 2833 429 2898 succederes
452 2853 510 2916 pro
532 2831 678 2896 duobus?

154 3006 171 3053 4
192 3003 360 3054 hauriuntur
377 3007 427 3056 del.
447 3006 581 3055 Acidaliae
600 3000 605 3070 1
629 3001 687 3068 aut]
714 3009 744 3053 ut
761 3004 781 3051 B
800 3005 817 3050 0
842 2999 852 3065 ΙΙ
876 3003 989 3052 bcursu
1006 3014 1050 3049 ur·

84 3078 170 3136 gente
187 3069 341 3137 rovum
359 3087 429 3123 neue
443 3072 588 3122 Liuineius:
606 3086 641 3121 ne
658 3071 705 3120 uel
717 3071 744 3118 H
756 3067 765 3135 ΙΙ
783 3073 814 3119 14
832 3069 911 3119 uobis
927 3069 1053 3133 Lanpius:

85 3153 137 3188 uos
155 3140 183 3186 Η
199 3139 272 3188 inter
289 3154 339 3190 uos
358 3141 492 3190 Acidaliae
514 3136 524 3203 i
547 3141 578 3190 16
597 3142 685 3188 tutam
703 3139 873 3188 Amazonius:
891 3141 975 3185 totam
992 3137 1020 3183 Η
1043 3132 1054 3199 ΙΙ

88 3207 120 3256 18
144 3206 304 3258 uectoribus
327 3223 373 3257 om.
394 3210 411 3257 0
434 3207 548 3256 uictoris
571 3205 646 3256 Beri.
668 3206 821 3257 rectoribus
840 3205 862 3251 V
892 3201 902 3267 ΙΙ
931 3205 964 3252 20
987 3202 1054 3251 haut

47 3278 50 3282 ’
84 3273 194 3324 Daniel:
213 3278 262 3324 aut
279 3276 306 3322 11
330 3272 340 3340 ss
363 3277 396 3326 23
415 3269 498 3339 quae]
520 3289 599 3338 quem
617 3275 635 3322 0
654 3268 658 3337 Ι
679 3270 798 3336 iuuenis]
818 3272 926 3321 ieiunus
945 3273 962 3318 0
986 3267 996 3333 ΙΙ
1020 3270 1054 3318 24

86 3338 160 3406 cum]
180 3355 242 3392 eum
260 3343 277 3391 0
298 3340 308 3407 ΙΙ
332 3343 364 3392 26
382 3341 509 3407 receptui
527 3356 628 3392 cauere
646 3343 664 3390 0
683 3354 720 3389 w:
739 3343 853 3404 receptu
871 3338 915 3386 hic
932 3351 1012 3386 auere
1031 3335 1054 3384 Δ

85 3414 203 3473 receptu
220 3408 347 3460 bieanere
365 3411 388 3457 V
405 3413 533 3473 receptu,
555 3423 600 3459 om.
620 3407 761 3470 bisonem,
780 3407 800 3454 B
825 3404 835 3470 ΙΙ
858 3407 890 3455 27
909 3405 1019 3469 rigord
1045 3399 1054 3466 tt

86 3477 121 3527 28
138 3477 351 3543 imperatoribus
369 3478 391 3525 Δ
