2294 3780
252 178 506 231 cousrarrmo
525 179 696 231 auousro
715 181 748 229 n.
766 182 875 231 ‘rr-aa.
983 140 1059 242 235*

81 327 213 391 instruit
234 328 281 390 sio
302 327 390 410 ripae
405 327 526 391 locatos
548 330 584 390 ut
599 326 782 390 ultimorum
803 327 941 410 uestigia
955 349 1046 409 prae·

82 412 171 495 sagio
193 410 329 494 quodam
352 420 525 475 euenturae
546 410 645 474 cladis
666 411 753 474 unda
772 410 880 474 fatalis
903 410 1046 494 allueret,

81 496 127 558 ita
148 515 226 559 uero
248 494 453 558 multitudiue
475 495 699 578 suppeditante
722 498 758 558 ut
778 494 862 558 ultra
883 516 977 578 quam
999 496 1046 558 ui·

81 600 135 644 sus
168 579 223 676 agi
250 582 357 662 posset
383 583 515 643 extenta
547 580 631 643 acies
659 579 848 663 pertineret;
885 600 951 642 non
983 600 1045 662 quo

81 663 171 727 frons
194 663 345 727 inbecilla
364 666 471 726 tractu
496 663 638 727 inualido
661 664 843 744 duceretur,
877 665 931 726 sed
953 667 1071 728 tantas

83 747 296 811 subsidiorum
328 750 422 830 atque
450 747 595 811 ordinum
625 746 866 810 confirmatione
899 753 935 811 ut
962 747 1045 811 acies

80 852 147 895 non
162 832 336 914 porrectior
354 852 448 914 quam
463 832 623 895 robustior
637 852 763 894 murum
785 832 944 914 utrimque
959 852 1046 914 prae·

81 915 188 995 beret,
223 914 307 998 quod
334 936 404 978 eam
438 937 498 979 uec
526 915 719 998 constipatio
749 917 958 979 contraxisset
986 936 1046 978 nec

79 997 136 1063 lon
163 999 251 1062 'tudo
272 1003 429 1062 tenuaret.

176 1081 265 1147 XIX.
321 1082 576 1147 Praetermittam
612 1081 674 1146 hoc
706 1083 793 1163 loco,
832 1080 1046 1146 Constantine
1058 1108 1084 1148 10

80 1167 234 1249 maxime,
263 1166 454 1250 disponendi
476 1166 587 1231 militis
608 1167 656 1231 tui
678 1167 792 1230 miram
814 1166 1046 1229 incredibilem-

79 1272 140 1334 que
163 1251 330 1315 rationem.
358 1251 421 1315 hoc
443 1252 529 1314 enim
545 1251 692 1335 persequi
714 1253 770 1332 qui
791 1249 928 1314 uellem?
952 1271 1046 1332 quem

78 1335 222 1399 tenuisse
237 1334 341 1399 locum
364 1334 509 1399 caelestis
529 1336 684 1400 exercitus
705 1333 831 1398 dicam?
856 1354 1046 1416 quamquam

79 1417 153 1482 illos
174 1440 240 1483 non
262 1419 398 1482 arbitror
426 1420 553 1483 stetisse
574 1421 636 1483 nisi
658 1423 776 1484 tecum.
821 1417 1046 1481 difficillimam

79 1503 167 1566 enim
195 1524 324 1587 pugnae
351 1506 473 1586 purtem
499 1504 560 1567 tibi
587 1504 701 1586 deligis
728 1507 774 1585 et,
803 1506 965 1584 tamquam
986 1521 1045 1584 pro
1059 1524 1084 1565 15

79 1586 227 1650 fortunae
241 1586 342 1671 gradu
359 1586 469 1651 modus
490 1588 607 1651 uirium
621 1587 784 1669 debeatur,
807 1587 854 1650 ita
873 1588 957 1648 inter
971 1588 1044 1648 tuos

80 1691 146 1733 non
180 1670 230 1734 uis
262 1671 443 1754 principatu
476 1673 579 1755 magis
612 1671 765 1735 excellere
798 1692 892 1755 quam
926 1669 1044 1733 labore.

80 1753 367 1819 cumulatissimum
383 1755 511 1838 quidem
526 1756 681 1839 principis
697 1777 812 1819 munus
828 1758 887 1837 est,
906 1754 934 1817 si
948 1774 1046 1816 mauu

81 1841 199 1920 cesset,
231 1860 296 1902 non
324 1860 464 1903 cessasse
493 1840 642 1920 consilio,
678 1841 733 1903 sed
760 1844 796 1902 tu
823 1861 888 1903 uon
916 1838 1046 1922 segnior

79 1941 192 2007 gerere
214 1943 308 2005 quam
329 1923 437 1987 iubere
462 1923 557 1987 simul
578 1925 735 1988 exereitus
757 1927 829 1988 tuos
852 1924 976 1987 monitu
998 1944 1044 1985 re·
1058 1945 1084 1984 ro

105 2007 146 2088 ‘s,
170 2026 264 2090 opere
286 2008 391 2086 iuuas,
414 2007 558 2071 incendis
581 2007 735 2090 exemplo,
769 2007 852 2089 quod
874 2006 926 2070 hie
949 2007 1046 2069 etiam

94 2090 161 2154 acis
188 2091 367 2174 promptius
394 2113 489 2175 quam
516 2091 550 2153 in
579 2092 692 2154 ceteris
720 2089 862 2172 proeliis,
899 2088 983 2171 quod
1010 2089 1046 2151 in

78 2175 243 2257 praesenti
265 2178 335 2238 erat
357 2178 424 2239 tam
446 2176 553 2272 ampla
596 2194 700 2257 ugnas
728 2194 849 2236 merces
872 2193 966 2254 quam
989 2193 1046 2255 pu-

78 2261 198 2342 gnator
218 2258 350 2322 illustris
379 2263 412 2323 et
436 2263 546 2323 statim
617 2278 670 2321 ma
697 2256 838 2320 uictoris.
884 2256 971 2318 cuius
999 2254 1046 2317 rei

78 2362 153 2406 cum
175 2342 350 2425 imaginem
374 2345 453 2427 cepi,
477 2344 619 2407 dicturus
642 2340 798 2407 horresco.
835 2338 960 2402 inuadis
982 2338 1045 2421 pri·
1059 2359 1084 2400 aa

79 2447 152 2490 mus
174 2426 284 2508 aciem,
308 2426 393 2490 solus
414 2428 573 2510 irrumpis.
602 2425 796 2490 obumbrant
817 2425 945 2487 euntem
967 2421 1045 2486 telo-

78 2531 152 2573 rum
173 2510 257 2573 irriti
279 2511 397 2591 iactus,
425 2515 519 2575 sonat
539 2511 655 2575 ictibus
677 2509 773 2573 umbo
796 2508 923 2573 securis.
968 2528 1045 2590 quos

79 2594 215 2658 trabalis
244 2593 338 2658 hasta
364 2600 421 2659 tuo
448 2595 577 2674 deiecit,
611 2594 771 2658 insultans
799 2614 873 2657 ecus
900 2592 1045 2675 proterit.

78 2677 186 2762 fulget
212 2678 329 2742 nobilis
350 2678 442 2762 galea
470 2683 505 2741 et'
529 2701 659 2743 corusca
686 2679 756 2742 luce
778 2698 975 2762 gemmarum
1001 2677 1046 2739 di·

79 2762 193 2825 uinum
214 2763 367 2827 uerticem
389 2767 557 2826 monstrat.
595 2784 672 2827 auro
695 2762 830 2844 clipeus,
858 2782 935 2823 auro
957 2780 1084 2822 armare

149 3036 163 3083 l
181 3035 314 3083 instruxit
331 3034 391 3083 edd.
409 3032 419 3097 Ι
439 3036 456 3083 4
474 3035 562 3098 possit
579 3036 602 3082 Δ
622 3030 632 3097 ΙΙ
654 3035 668 3082 ἵ
687 3033 783 3081 mirum
800 3032 827 3080 H
842 3028 847 3095 Ι
863 3036 1007 3095 utrumque
1024 3031 1048 3080 A

82 3098 94 3163 ΙΙ
116 3102 147 3150 12
166 3101 213 3166 qui
231 3117 291 3164 eqo:
309 3116 355 3150 om.
371 3102 398 3148 ll
414 3098 425 3165 Ι
448 3104 478 3151 13
496 3103 727 3150 terurisse'reusor
743 3101 862 3150 editionis
873 3099 1047 3163 Jaeqerr'unae

79 3171 106 3218 ia
123 3167 181 3220 tibi.
198 3170 303 3232 philot:
321 3168 499 3218 tenuissetis
528 3167 538 3233 ΙΙ
569 3170 600 3217 16
617 3164 725 3232 uirium]
744 3168 877 3217 uirtutum
898 3168 955 3216 edd.
979 3162 990 3230 Ι
1016 3168 1046 3215 18

79 3230 223 3301 cumulat]
244 3250 304 3286 cum
322 3235 540 3286 ualentissimum
558 3237 592 3284 W
621 3234 631 3300 Ι
662 3237 692 3284 19
711 3250 765 3310 non
784 3235 870 3285 om.A
901 3231 911 3296 ΙΙ
940 3235 973 3282 20
991 3247 1046 3281 mc·

733 3311 753 3339 l!

79 3354 140 3403 nito
158 3355 200 3413 13
219 3369 253 3402 un
270 3353 405 3402 monitor?
463 3354 495 3402 27
513 3353 619 3403 securis
639 3351 773 3415 (securus)
793 3368 852 3417 eqo.-
871 3362 984 3399 securus
1002 3347 1047 3396 his

78 3421 108 3468 Ι
126 3435 249 3470 securus.
273 3420 323 3470 bos
340 3422 399 3470 edd.
436 3418 440 3483 Ι
470 3422 503 3470 ‘28
521 3426 569 3469 tua
586 3421 690 3469 addidi:
708 3434 754 3469 om.
772 3420 799 3465 1
817 3418 822 3484 Ι
842 3431 906 3467 ecus
924 3430 985 3479 eqo:
1003 3429 1046 3464 se·

79 3502 129 3537 cns
144 3487 173 3535 Π
189 3488 267 3539 ierus
284 3489 342 3537 edd.
