2294 3780
112 176 173 241 182
311 177 384 228 VIII.
414 176 562 229 INOERTI
581 176 751 228 salmas.
769 175 878 227 ACTIO

110 328 178 392 losa
210 327 245 392 in
274 326 383 392 Sicilia
410 325 610 410 Mamertini,
648 328 683 390 in
712 325 791 389 Asia
824 325 974 410 Ilienses:
1019 326 1081 390 soli

110 413 214 478 Aedui
240 434 307 476 non
334 414 423 475 metu
450 411 572 495 territi,
607 432 674 475 non
701 410 883 474 adulatione
912 410 1080 494 compulsi,

110 499 165 563 sed
185 500 331 581 ingenua
358 499 390 559 et
419 495 557 577 simplici
585 496 717 560 caritate
742 495 858 558 fratres
883 494 995 578 populi
1016 494 1081 558 Ro-

109 583 199 647 mani
214 581 327 646 crediti
342 582 417 643 sunt
428 579 645 664 appellarique
660 581 854 644 meruerunt.
872 600 934 662 quo
949 580 1082 644 nomine

84 669 238 751 epraeter
260 669 366 729 cetera
388 665 660 729 necessitudinum
679 664 835 729 uocabula
858 668 890 728 et
905 665 1081 728 communi·

109 755 160 816 tas
184 750 299 813 amoris
322 753 457 833 apparet
485 754 517 813 et
539 749 707 834 dignitatis
733 747 919 833 aequalitas.
966 748 1081 813 deinde

110 857 182 900 cum
209 834 365 897 finitimae
393 835 542 898 nationes
572 835 635 918 ipsi
662 834 710 898 illi
737 834 901 898 Romanae
928 833 1081 897 fraterni-

109 921 185 982 tatis
213 917 336 1002 gloriae
362 919 544 984 incidentes
573 923 607 983 et
634 940 734 1002 usque
763 918 799 982 in
824 917 1000 1001 perniciem
1029 919 1080 981 sui

109 1003 190 1067 odiis
211 1003 365 1066 incitatae
381 1002 558 1068 Germanos
579 1005 642 1068 sibi
664 1003 848 1068 auxiliarios
864 1002 1008 1066 dominos
1030 1003 1081 1066 in·

72 1113 97 1152 10
110 1091 293 1167 uocassent,
322 1088 472 1172 princeps
494 1088 624 1166 Aeduus
646 1088 688 1152 ad
711 1089 857 1151 senatum
879 1087 983 1170 uenit,
1010 1109 1080 1151 rem

110 1173 233 1258 docuit;
273 1194 406 1257 cumque
439 1173 523 1236 idem
556 1173 662 1236 oblato
691 1194 842 1236 consessu
876 1171 982 1235 minus
1017 1171 1080 1235 sibi

108 1258 303 1322 uindicasset
331 1280 427 1342 quarn
450 1257 599 1337 dabatur,
630 1259 720 1320 scuto
747 1256 878 1320 innixus
906 1257 1077 1340 perorauit.

108 1343 280 1426 impetrata
302 1364 361 1427 ope
381 1343 562 1407 Romanum
584 1342 759 1405 exereitum
778 1341 1009 1423 Caesaremque
1032 1342 1078 1406 cis

108 1426 300 1491 Rhodanum
322 1428 444 1511 primus
465 1427 594 1490 induxit
622 1427 750 1510 (semita
772 1427 858 1490 enim
883 1424 1005 1489 Galliae
1028 1448 1079 1489 us-

72 1537 96 1577 15
110 1533 170 1595 que
199 1513 239 1575 ad
266 1511 299 1575 id
327 1511 480 1594 temporis
508 1511 722 1593 Transalpina
752 1509 857 1574 Gallia
891 1510 1079 1573 nominaba-

108 1595 191 1680 tur);
215 1596 328 1660 deinde
343 1595 449 1658 Aedui
466 1598 570 1658 totum
592 1595 678 1658 istud
701 1594 785 1678 quod
800 1593 924 1676 Rheno,
947 1615 1078 1677 oceano,

109 1679 280 1763 Pyrenaeis
309 1679 487 1759 montibus
517 1678 631 1744 Gottiis
654 1678 791 1763 Alpibus
814 1678 996 1742 continetur
1017 1677 1080 1742 Ro-

109 1785 206 1827 mano
228 1763 360 1846 imperio
375 1763 585 1845 tradiderunt,
608 1763 751 1826 hibernis
769 1761 971 1846 hospitaliter
989 1785 1080 1846 prae-

109 1847 196 1928 bitis,
219 1847 430 1929 suppeditatis
450 1847 585 1930 largiter
608 1847 847 1931 commeatibus,
871 1847 966 1910 armis
981 1847 1079 1912 fabri-

70 1955 96 1994 πο
110 1931 235 2014 cardis,
267 1930 467 2013 pedestribus
494 1937 523 1996 et
544 1932 686 2015 equitum
715 1932 815 2015 copiis
838 1932 1077 1996 auxiliantibus.

109 2017 156 2080 ita
178 2017 212 2079 in
235 2037 331 2080 unam
354 2037 467 2100 pacem
495 2017 624 2080 sociatis
651 2016 798 2080 omnibus
822 2015 984 2081 Celtarum
1008 2015 1079 2081 Bel-

109 2122 285 2250 {mumque
299 2101 426 2185 populis
445 2101 589 2185 eripuere
604 2101 757 2184 barbarie,
781 2100 931 2184 quicquid
945 2103 1080 2165 iunxere

141 2207 276 2251 omams

172 2270 228 2337 IV.
272 2270 368 2335 Dicet
389 2269 504 2354 aliquis
527 2273 652 2335 ‘uetera
674 2271 737 2334 ista
760 2272 867 2353 sunt’3
895 2270 1079 2352 etquidem

71 2355 172 2419 ahoe
194 2357 355 2420 sanctiora
377 2355 460 2439 quod
481 2359 600 2419 uetera.
635 2355 729 2418 bonis
753 2355 838 2418 enim
860 2353 982 2417 meritis
1006 2376 1080 2419 cum

111 2443 215 2504 aetate
239 2440 380 2524 dignitas
403 2443 434 2503 et
456 2440 583 2522 pondus
606 2439 738 2503 accedit.
784 2442 878 2522 atque
900 2441 936 2500 ut
957 2460 1079 2522 magno

109 2527 189 2587 natu
208 2526 357 2606 parentes
379 2524 483 2606 magis
505 2523 670 2608 magisque
692 2523 727 2585 in
743 2523 810 2587 dies
832 2544 1024 2586 ueneremur
1046 2527 1080 2587 et

111 2607 260 2690 colimus,
282 2607 417 2670 fratrum
439 2627 515 2670 nero
537 2607 713 2689 aequalitas
736 2609 768 2670 et
789 2607 963 2671 liberorum
986 2607 1078 2671 sobo-

109 2690 166 2773 les,
189 2689 356 2754 blandiore
377 2691 460 2769 licet,
491 2690 609 2754 leuiore
629 2694 737 2755 tamen
760 2693 883 2755 animos
903 2691 1010 2776 tangit
1032 2693 1079 2756 af-

72 2774 214 2840 sofectu:
247 2775 293 2839 ita
315 2775 469 2839 beneficia
491 2774 623 2857 antiqua
645 2774 796 2859 grauiora
818 2779 908 2858 sunt,
932 2777 1079 2859 quamuis

109 2860 291 2944 praesentia
313 2861 460 2924 suauiora
482 2859 659 2924 uideantur.
690 2860 745 2925 sed
767 2865 875 2926 tamen
897 2861 924 2925 si
946 2861 1002 2924 illa
1025 2883 1078 2925 ue·

180 3099 330 3151 lllienses
348 3103 378 3149 0:
398 3098 527 3149 Illienees
543 3101 571 3147 H
594 3097 605 3164 ΙΙ
635 3100 839 3150 'lfraternitati
857 3103 916 3150 edd.
947 3099 957 3165 ΙΙ
986 3100 1080 3166 8glo·

109 3169 165 3217 riae
183 3169 292 3231 scripsi:
310 3183 365 3218 non
383 3167 487 3232 gloriae
506 3165 560 3233 11ss
582 3170 612 3216 11
631 3181 745 3232 cumque
765 3166 836 3217 idem
853 3168 999 3218 Liuineius:
1018 3183 1079 3218 oum

110 3234 220 3300 quidem
235 3237 263 3283 Ι
294 3233 299 3299 Ι
332 3249 464 3285 consessu
481 3236 504 3284 Δ
521 3234 611 3285 Bora:
634 3249 767 3286 consensu
785 3235 805 3282 B
825 3237 842 3283 0
860 3237 882 3283 V
900 3236 933 3283 W
949 3236 1043 3286 Malui.
1073 3233 1076 3299 Ι

109 3317 207 3353 munus
230 3303 294 3353 ΑΒ
324 3300 334 3368 ΙΙ
365 3305 396 3354 15
423 3301 450 3351 id
474 3319 520 3354 om.
540 3303 562 3349 V
584 3303 677 3353 Malui.
707 3300 717 3366 ΙΙ
748 3303 779 3352 16
807 3301 871 3352 deiri
891 3305 999 3366 scripsi:
1029 3303 1080 3352 sed

111 3370 184 3422 enim
203 3373 231 3419 Π
253 3370 302 3421 sed
323 3375 382 3422 tum
399 3372 531 3422 Liuineius
560 3367 570 3436 ΙΙ
601 3372 631 3421 17
656 3369 758 3422 Cottiis
780 3373 891 3435 scripsi:
921 3370 1029 3421 eunctis
1051 3372 1079 3418 Ι

105 3435 182 3556 ism
199 3443 226 3489 et
243 3441 304 3491 cdd.
322 3439 467 3490 Puteanus:
484 3454 531 3490 om.
549 3440 577 3486 Π
595 3439 770 3504 equitumque
789 3439 848 3491 edd.
875 3435 885 3502 ll
914 3439 947 3488 22
965 3439 1078 3504 iungere

137 3511 200 3558 alat.
