2294 3780
278 134 490 189 usxuusuo
508 135 680 188 Aucusro
698 139 731 187 u.
769 140 876 189 11-13.
1016 135 1058 202 99

88 286 142 347 tus
175 286 224 347 est
261 304 363 367 paene
397 283 552 348 exercitus
591 288 715 349 uestros
752 285 862 349 uideat
893 285 1058 370 ingressos

88 366 269 514 oblitoscpue
291 368 424 431 nauium
445 367 593 452 refugum
621 390 707 432 mare
736 374 861 433 secutos
889 392 968 454 esse,
995 393 1058 455 qua

90 451 217 516 cederet
281 473 377 536 quam
410 473 496 516 nunc
532 453 670 516 insulam
706 454 925 538 remotiorem,
964 476 1058 538 quem

88 535 189 600 alium
211 536 274 600 sibi
296 539 386 618 optet
408 536 584 600 oceanum?
622 558 683 620 quo
706 536 842 622 denique
864 543 958 621 pacto
981 538 1057 602 effu-

113 641 167 683 ere
188 641 310 703 poenas
326 620 521 703 reipublicae
537 625 652 703 potest,
676 622 739 684 nisi
762 622 789 685 si
811 621 929 687 haustu
950 626 1083 688 terrues

88 640 259 768 denotetur
281 707 337 768 aut
358 704 484 768 turbine
508 704 614 788 aliquo
634 706 669 769 in
689 705 783 769 deuia
803 727 881 770 saxa
902 707 1055 791 rapiatur.

88 787 275 853 aedificatae
314 791 390 852 sunt
431 792 623 872 ornataeque
664 789 897 872 pulcherrimae
938 792 1057 856 classes

89 873 213 937 cunctis
246 873 340 937 simul
377 874 523 937 amnibus
557 895 712 937 oceanum
746 875 915 958 petiturae.
953 898 1057 960 neque

88 956 194 1021 solum
217 957 258 1020 ad
278 957 490 1041 perficiendus
513 978 566 1021 eas
590 958 738 1022 certatim
760 960 905 1024 homines
930 961 1056 1023 labora-

86 1044 182 1120 runt,
222 1042 277 1105 sed
309 1042 407 1105 etiam
440 1041 481 1105 ad
518 1042 721 1124 excipiendas
755 1042 890 1108 flumina
924 1048 1096 1128 repentem

89 1128 271 1190 creuerunt
302 1129 373 1189 toto
394 1125 463 1189 fere
486 1147 581 1209 auno,
604 1126 786 1209 imperator,
810 1149 872 1211 quo
895 1129 954 1191 tibi
977 1150 1058 1212 opus

87 1212 157 1273 erat
179 1209 354 1274 serenitate
376 1213 413 1273 ut
435 1210 565 1273 naualia
586 1213 779 1292 tererentur,
802 1216 838 1274 ut
859 1212 967 1276 trabes
990 1233 1060 1276 cae·

87 1293 249 1376 derantur,
278 1299 315 1358 ut
336 1294 493 1358 artificum
516 1293 616 1357 animi
639 1295 796 1379 uigerent,
825 1298 861 1358 ut
881 1317 996 1359 manus
1017 1317 1058 1359 ne

86 1382 325 1462 torpescerent,
364 1377 470 1442 nullus
504 1378 571 1441 fere
600 1378 668 1441 dies
695 1378 797 1441 imbre
824 1379 971 1443 foedatus
1000 1383 1057 1444 est.

86 1461 191 1526 hiems
218 1463 289 1546 ipsa
314 1463 502 1546 temperiem
535 1463 619 1526 ueris
651 1462 779 1526 imitata
805 1465 863 1526 est.
899 1463 964 1527 iam
991 1484 1058 1527 non
1071 1484 1096 1525 rs

88 1547 303 1630 septentrioni
342 1567 402 1610 nos
434 1548 619 1630 putauimus
657 1546 839 1631 subiacere,
880 1548 935 1612 sed
966 1549 1057 1632 quasi

87 1631 255 1696 translatis
278 1631 435 1695 sideribus
451 1634 507 1694 aut
521 1632 614 1695 terris
634 1631 804 1696 meridiani
826 1631 904 1697 caeli
921 1632 1057 1696 elemen-

86 1716 167 1779 tiam
201 1717 368 1780 sensimus.
412 1715 528 1779 fluuius
561 1714 614 1779 hic
646 1718 757 1780 noster
789 1717 844 1779 diu
876 1716 1056 1800 pluuiarum

86 1799 207 1884 pabulo
231 1820 342 1864 carens
364 1800 536 1883 impatiens
559 1803 628 1864 erat
648 1800 787 1884 nauium,
811 1800 913 1865 solam
934 1801 1055 1865 nauali-

86 1886 147 1949 bus
175 1883 239 1947 tuis
270 1885 439 1948 materiam
473 1883 658 1949 deuehebat.
694 1906 767 1949 ecce
801 1888 907 1950 autem
939 1886 1054 1968 subito,
1069 1906 1095 1947 ao

87 1968 248 2032 cumiani
271 1968 383 2033 deduci
405 1969 550 2032 liburnas
573 1971 743 2052 oporteret,
766 1969 826 2033 tibi
849 1970 962 2035 uberes
984 1970 1055 2034 fon·

86 2057 136 2118 tes
157 2056 245 2117 terra
267 2053 425 2133 submisit,
448 2052 508 2116 tibi
529 2053 637 2137 largos
656 2053 775 2117 imbres
798 2053 942 2137 luppiter
964 2054 1056 2136 fudit,

86 2137 149 2202 tibi
178 2137 257 2201 totis
284 2137 453 2201 fluminum
481 2137 581 2201 alueis
608 2158 744 2201 oceanus
773 2137 975 2201 redundauit.
1011 2137 1058 2202 itu

85 2222 122 2286 in
153 2243 253 2306 aquas
282 2224 398 2306 sponte
427 2222 599 2286 subcuntes
634 2221 789 2303 impetum
816 2221 947 2304 nauigia
974 2220 1055 2283 fece-

85 2310 164 2370 runt
193 2305 257 2370 leui
284 2305 379 2369 modo
405 2309 562 2370 commota
591 2305 665 2367 nisu
693 2303 892 2387 ducentium,
921 2324 1055 2386 quorum
1068 2324 1093 2365 ss

87 2390 128 2454 ad
159 2389 380 2454 felicissimum
414 2390 495 2454 illud
534 2388 697 2452 exordium
737 2387 842 2472 magis
874 2408 953 2470 opus
986 2391 1056 2452 erat

86 2474 216 2538 nautico
241 2475 380 2538 carmine
410 2495 505 2556 quam
531 2473 650 2537 labore.
689 2471 785 2535 facile
811 2473 920 2556 itaque
949 2473 1054 2556 quiuis

85 2558 257 2643 intellegit,
279 2559 468 2641 imperator,
497 2578 590 2640 quam
613 2557 813 2640 prosperita
835 2578 999 2622 successus
1020 2556 1055 2623 in

86 2665 122 2707 re
143 2644 304 2707 maritima
326 2642 465 2706 secuturi
485 2641 567 2725 sint,
597 2642 647 2709 cui
672 2642 737 2705 iam
763 2641 810 2706 sio
827 2644 1055 2725 tempestatum

84 2729 287 2811 oportunitas
309 2727 510 2810 obsequatur.
1064 2744 1091 2785 eo

143 2811 234 2876 XIII.
258 2811 348 2875 Felix
369 2812 470 2895 igitur
492 2810 621 2893 talibus,
640 2809 755 2891 Roma,
774 2807 973 2893 principibus
991 2810 1054 2891 (fas

86 2899 136 2959 est
163 2898 249 2959 enim
276 2899 313 2959 ut
341 2895 403 2959 hoc
431 2895 558 2959 dicendi
583 2915 699 2958 munus
727 2893 817 2976 pium
844 2893 927 2958 unde
951 2893 1054 2976 coepi·

85 3002 157 3043 mus
189 2981 429 3063 terminemus),
461 2978 554 3058 felix,
587 2979 735 3063 inquam,
770 2981 803 3041 et
833 2978 934 3041 multo
967 2999 1054 3043 nuno

155 3188 169 3234 1
188 3192 296 3237 uestros
315 3186 455 3236 exereitus
473 3184 557 3232 BcV
577 3181 587 3248 ΙΙ
608 3184 624 3233 9
643 3183 677 3232 ad
696 3182 890 3247 percipiendas
908 3182 935 3229 Π
954 3180 1054 3245 (preci-

104 3252 203 3303 iendas
215 3252 246 3316 Β)
260 3251 270 3318 ΙΙ
285 3256 315 3304 13
327 3251 474 3303 artificium
484 3252 507 3300 Δ
519 3247 529 3316 ΙΙ
545 3253 575 3300 14
588 3247 826 3316 torpesceretwll
840 3251 871 3299 18
885 3249 1017 3299 sentimus
1026 3250 1053 3296 Π

112 3320 185 3371 caeli
204 3326 275 3370 sent.
295 3320 470 3370 clementiam
487 3332 512 3366 w
529 3316 540 3384 ss
556 3321 589 3369 22
608 3318 681 3369 fudit
698 3318 825 3367 Bcvw:
845 3316 936 3367 fundit
954 3316 976 3364 Δ
992 3312 1003 3380 l
1020 3316 1053 3364 25

84 3388 143 3439 leui
161 3402 178 3452 ς
190 3385 195 3450 1
213 3389 280 3437 nixu
293 3389 313 3438 B
326 3389 343 3436 0
357 3388 379 3435 V
392 3384 402 3452 ΙΙ
414 3388 447 3437 27
466 3387 557 3450 quiuis
569 3387 614 3435 W:
633 3387 731 3450 queuis
743 3399 769 3433 m
786 3385 829 3435 uis
841 3385 864 3433 V
876 3398 894 3432 u
911 3383 958 3432 uix
970 3383 991 3430 B
1008 3381 1053 3431 ius

85 3451 985 3520 hp290111Aw200m10vp33nun0mu1201vm

865 3537 881 3583 Ἰ
940 3605 943 3610 .
977 3602 1010 3623 3⁴
1027 3596 1069 3611 ⁴.4
1087 3572 1112 3609 ..Γ

980 3640 987 3649 a
1055 3642 1064 3649 ..
