2294 3780
120 183 181 248 176
433 183 494 234 vn.
524 180 673 232 monum
690 178 771 230 esu.
865 143 867 148 ’

29 395 32 399 ,
119 333 301 418 aequabant
335 336 368 398 et
396 330 632 396 succedentium
661 329 801 393 humeris
835 328 994 394 subleuati
1021 328 1087 393 iam

119 419 290 484 interualla
304 417 477 501 pinnarum
498 415 590 479 uncis
608 414 757 479 manibus
779 413 976 479 inuaserant.
1006 414 1087 478 adeo

120 504 201 568 nihil
224 501 358 587 periculi
385 501 421 565 in
442 499 605 565 uindictae
633 499 821 564 executione
841 498 1030 563 metuebant
1052 502 1089 562 ut

120 589 182 653 sibi
210 608 276 651 non
303 607 429 650 murum
458 584 624 667 scandere,
655 583 710 648 sed
739 605 777 648 ex
805 604 905 666 aequo
934 581 1089 668 congredi

94 670 312 736 uuiderentur.

184 754 257 819 XX.
305 753 409 819 Sede
432 754 626 838 singularem
648 755 751 835 tuam,
775 752 1000 834 Constantine,
1022 751 1091 835 pie-

121 842 223 904 tatem
251 843 283 903 et
311 861 367 903 sua
395 860 519 923 semper
546 838 654 902 officia
681 837 778 903 etiam
805 837 891 900 inter
913 857 1002 900 arma
1023 857 1090 900 ser-

121 926 269 988 nantem!
294 924 422 1008 signum
443 923 587 1007 receptui
608 921 725 986 dedisti
747 924 780 986 et
800 920 971 986 uictoriam
991 920 1090 985 distu-

121 1009 190 1072 listi
226 1011 263 1072 ut
294 1008 442 1072 omnibus
478 1006 539 1072 tibi
572 1006 683 1071 liceret
715 1006 883 1090 ignoscere
919 1026 979 1070 neu
1012 1004 1091 1089 quid

85 1112 112 1154 rc
124 1093 264 1158 atrocius
285 1092 407 1157 faceret
433 1091 524 1156 miles
551 1092 652 1156 iratus
680 1111 775 1174 quam
804 1089 994 1155 clementiae
1015 1092 1091 1153 tuae

30 1247 32 1250 ,
122 1180 239 1242 natura
265 1180 438 1261 pateretur.
487 1176 522 1239 in
549 1196 610 1261 quo
637 1174 714 1240 licet
746 1173 861 1259 optimi
887 1173 1091 1258 imperatoris

124 1262 338 1327 sollicitudine
368 1261 491 1326 cancris
524 1264 560 1325 ut
585 1259 708 1325 inducti
738 1259 773 1324 in
799 1258 946 1324 fraudem
971 1258 1091 1323 milites

123 1347 311 1432 poenitendi
343 1349 470 1430 tempus
502 1346 683 1430 acciperent
715 1347 811 1428 atque
843 1343 929 1408 ultro
961 1343 1092 1409 ueniam

124 1435 346 1515 precarentur,
374 1451 433 1495 nos
455 1433 565 1496 tamen
593 1430 647 1514 qui
672 1428 857 1493 mitissimos
878 1432 951 1494 tuos
979 1448 1092 1493 sensus

87 1533 112 1573 15
124 1519 288 1580 intuemur
316 1515 410 1597 (nihil
432 1518 481 1579 est
508 1516 594 1580 enim
615 1519 684 1579 tam
704 1513 908 1599 perspicuum
937 1534 1031 1597 quam
1056 1513 1092 1577 in

124 1603 253 1683 pectore
280 1603 336 1664 tuo
359 1600 502 1686 bonitas)
532 1600 581 1664 illi
607 1602 641 1663 te
668 1599 885 1696 intellegimus
911 1598 1094 1682 pepercisse

124 1682 1093 1833 llll'ntltfi‘tluttfftdbullittl'utltlznlmdiffi

125 1853 276 1935 pertinet,
299 1792 484 1945 impiiprator,
510 1855 544 1917 et
564 1790 711 1917 illuinqet
733 1790 848 1917 omnels)
866 1873 945 1934 quos
966 1872 1093 1935 recepe-

20 1954 113 1997 *eo
126 1939 177 2000 rat
197 1936 378 2005 reseruasti.
407 1936 470 2000 sibi
485 1937 622 2020 imputet
643 1937 714 2022 quis
737 1937 785 2002 uis
807 1937 855 2000 uti
877 1936 980 2000 noluit
997 1935 1094 2001 bene·

126 2021 200 2086 licio
222 2024 279 2085 tuo
301 2043 362 2086 nec
385 2042 419 2085 se
442 2021 577 2107 dignum
598 2023 667 2086 uita
689 1959 858 2104 iddicauit,
888 2041 960 2084 cum
981 2041 1040 2104 per
1061 2024 1094 2085 te

106 2107 239 2185 „liceret
259 2109 294 2170 ut
308 2107 448 2171 uiueret:
470 2112 515 2190 tu,
539 2108 623 2191 quod
638 2105 757 2172 sufficit
777 2105 994 2171 conscientiae
1008 2107 1094 2188 tuae,

127 2192 224 2256 etiam
245 2213 312 2256 non
335 2192 532 2256 merentibus
546 2192 729 2276 pepercisti.
758 2190 822 2274 sed,
845 2190 977 2274 ignosce
998 2189 1094 2273 dicto,

126 2297 192 2340 non
215 2278 323 2342 omnia
343 2279 452 2361 potes:
475 2276 562 2341 dite
584 2276 751 2342 uindicant
772 2278 806 2340 et
826 2274 972 2340 inuitum.

89 2375 115 2417 2⁵
191 2359 279 2425 XXI.
323 2361 416 2437 Quod
437 2361 565 2445 quidem
586 2361 678 2427 nobis
701 2382 826 2444 semper
847 2358 1024 2443 optandum
1046 2361 1096 2422 est

128 2448 164 2508 ut
185 2466 354 2528 prosperos
375 2446 495 2510 habeas
518 2447 613 2511 etiam
634 2446 720 2511 ultra
741 2448 798 2509 tua
819 2448 897 2508 uota
919 2463 1095 2526 successus,

128 2528 184 2612 qui
211 2550 339 2593 omnem
367 2552 456 2613 spem
485 2530 519 2593 in
545 2530 667 2614 gremio
694 2530 871 2595 maiestatis
899 2531 973 2593 tuae
1002 2527 1097 2612 poni·

128 2633 199 2675 mus
222 2615 255 2676 et
275 2617 364 2677 tuam
386 2613 503 2698 ubique
524 2614 752 2697 praesentiam,
776 2613 867 2697 quasi
889 2612 958 2676 dari
979 2611 1093 2695 possit,

129 2696 317 2779 expetimus.
356 2718 428 2762 ecce
451 2697 553 2780 enim,
578 2699 653 2760 dum
676 2720 695 2762 a
715 2698 817 2762 limite
839 2696 1001 2782 paulisper
1023 2697 1096 2761 abs-

91 2797 287 2864 accesseras,
319 2782 434 2865 quibus
462 2803 496 2846 se
524 2781 698 2847 terroribus
726 2781 933 2847 barbarorum
961 2781 1098 2865 perfidia

129 2866 306 2931 iactauerat
328 2866 459 2949 scilicet,
484 2867 559 2931 dum
582 2867 643 2931 sibi
665 2867 721 2931 illa
741 2870 943 2951 proponunt:
967 2865 1097 2951 quando

44 2988 47 2993 >
128 2950 321 3035 perueniat?
357 2951 483 3035 quando
505 2951 639 3016 uincet?
674 2951 802 3036 quando
823 2950 943 3016 fessum
964 2949 1099 3015 reducet

130 3034 330 3098 exercitum?
356 3057 428 3099 cum
450 3039 582 3119 repente
605 3036 713 3101 audito
735 3036 840 3100 reditu
861 3038 917 3100 tuo
939 3036 1028 3099 uelut
1050 3037 1099 3099 at·

200 3242 213 3288 1
233 3239 374 3290 subleuati
391 3241 411 3288 B
429 3243 448 3290 c
465 3241 488 3288 V
505 3254 542 3289 w:
566 3241 718 3292 subleuaeti
736 3243 758 3290 A
787 3238 797 3306 1
826 3243 842 3289 2
861 3236 1017 3306 pinnarum]
1037 3255 1099 3305 pre·

122 3306 238 3362 *uiarum
250 3310 292 3357 uel
301 3308 380 3358 simile
392 3311 411 3358 (1
423 3305 434 3374 11
446 3311 462 3359 3
478 3308 666 3359 inuindicatae
678 3310 701 3357 A
713 3306 723 3372 1
735 3309 751 3358 8
763 3308 870 3372 signum
883 3324 929 3359 cm.
940 3308 974 3355 W
985 3305 996 3372 1
1009 3309 1025 3359 9
1043 3323 1099 3359 neu

131 3374 278 3425 Liuineius:
296 3390 330 3427 ne
349 3377 376 3424 Al
412 3378 444 3427 14
461 3390 560 3428 sensus
578 3382 641 3428 tuos
659 3376 738 3426 BGV
750 3373 760 3441 11
774 3376 805 3425 18
823 3375 895 3426 ferro
913 3375 1004 3426 Bert:
1023 3375 1098 3426 terre

130 3441 155 3491 A
171 3441 231 3493 fere
249 3449 308 3496 cett.
325 3441 329 3508 1
344 3445 386 3493 ita
418 3444 515 3510 itaque
527 3445 544 3494 0
556 3441 567 3510 11
580 3446 612 3495 19
630 3443 777 3509 deceperat
789 3444 923 3494 Acidaliae
935 3440 945 3509 1
957 3445 991 3494 20
1008 3441 1099 3495 uoluit

131 3509 150 3558 ο
167 3508 265 3576 7122
283 3514 314 3562 ut
331 3511 439 3564 uideret
456 3514 474 3562 0
490 3511 501 3581 1
518 3513 551 3564 26
569 3517 619 3563 tua
638 3513 661 3560 A
672 3510 705 3559 W
720 3511 808 3562 Bere:
826 3526 874 3562 om.
892 3511 912 3560 B
930 3512 947 3559 o
965 3511 988 3558 V
