2294 3780
131 148 173 213 94
384 150 419 202 Π.
457 151 512 201 CL.
531 149 742 201 MAMERTINI
760 150 839 201 PAN.

133 302 228 383 atque
249 298 410 363 uictorias.
448 319 528 383 quae
551 299 637 363 enim
659 301 709 362 tot
730 298 892 381 tantisque
914 296 1009 361 rebus
1033 299 1100 363 ruf·

131 384 220 448 ficiat
246 381 376 447 oratio?
413 382 504 447 illum
531 385 641 447 tamen
668 382 806 467 primum
837 382 1020 447 consulatus
1048 385 1100 447 tui

79 528 82 535 ,
133 466 328 552 auspicalem
351 465 436 531 diem
457 467 574 531 tacitus
601 467 777 550 praeterire
798 466 887 530 nullo
909 467 1005 531 modo
1027 489 1101 552 pos·

132 574 210 631 sum,
234 572 297 635 quo
319 554 356 615 tu
378 552 462 615 solus
490 551 634 616 omnium
663 554 852 615 consecutus
880 572 914 614 es
942 554 987 634 ut,
1011 553 1097 635 quod

105 639 256 719 atempus
278 638 374 700 antea
401 636 592 719 incipiendis
619 635 841 699 tantummodo
868 635 963 699 rebus
986 639 1098 720 aptum

130 720 308 803 uidebatur,
329 723 406 784 tunc
420 721 560 803 primum
580 721 723 804 potuerit
743 719 889 784 sufficere
903 720 1103 804 peragendis.

130 826 258 888 unoque
279 805 328 869 sol
349 805 506 868 curriculo
527 825 584 869 suo
606 826 704 888 eoque
725 804 913 869 breuissime
934 806 966 868 ct
988 803 1100 868 officia

129 892 162 952 te
186 888 324 953 consulis
347 888 552 953 inchoantem
578 888 700 953 uideret
722 893 755 953 et
776 911 872 972 opera
893 888 1097 972 imperatoris

129 973 325 1056 implentem.
360 973 499 1037 uidimus
526 976 559 1037 te
565 1025 575 1058 ,
603 972 736 1056 Caesar,
767 973 880 1037 eodem
900 973 951 1036 die
976 993 1035 1056 pro
1061 995 1098 1036 re

93 1077 119 1116 10
131 1056 261 1141 publica
273 1060 305 1121 et
315 1060 392 1122 uota
404 1057 564 1140 suscipere
577 1060 609 1121 et
620 1057 724 1121 soluta
739 1056 879 1122 reddere.
910 1057 995 1141 quod
1008 1057 1098 1122 enim

132 1144 301 1226 optauerat
329 1141 365 1206 in
391 1143 551 1226 futurum,
580 1143 686 1206 iecisti
715 1142 867 1206 continuo
887 1143 1098 1226 transactum,

56 1231 62 1237 '
130 1229 168 1290 ut
201 1225 281 1290 mihi
313 1226 383 1311 ipsa
417 1227 548 1291 deorum
580 1226 699 1290 auxilia
732 1247 813 1310 quae
846 1229 993 1311 precatus
1026 1247 1099 1291 eras

130 1311 336 1395 praeuenisse
366 1310 508 1376 uidearis
535 1314 582 1394 et,
617 1311 769 1395 quicquid
798 1311 845 1374 illi
871 1311 1096 1396 promiserant,

131 1399 206 1459 ante
227 1395 351 1460 fecisse.
387 1396 525 1460 uidimus
551 1398 599 1480 te,
633 1395 766 1480 Caesar,
796 1395 906 1460 eodem
934 1395 984 1460 die
1007 1398 1040 1459 et
1061 1397 1097 1460 in

93 1498 118 1537 15
134 1479 309 1544 clarissimo
337 1480 424 1563 pacis
451 1480 563 1544 habitu
597 1483 629 1544 et
661 1480 696 1544 in
724 1479 939 1564 pulcherrimo
966 1479 1098 1544 uirtutis

133 1566 259 1627 ornatu.
289 1563 374 1627 bona
395 1564 491 1628 uenia
512 1564 606 1627 deum
629 1564 772 1648 dixerim,
796 1585 838 1628 ne
859 1563 1005 1647 Iuppiter
1025 1565 1097 1646 qui·

132 1647 204 1711 dem
236 1649 305 1731 ipse
338 1650 431 1711 tanta
465 1647 625 1712 celeritate
658 1648 773 1713 faciem
806 1647 887 1712 caeli
914 1647 965 1712 sni
992 1648 1098 1712 uariat

90 1750 93 1755 ·
152 1731 335 1796 nam‘facile
350 1733 395 1815 tu,
416 1733 460 1795 im
484 1734 599 1815 orator,
619 1734 730 1816 togam
749 1734 948 1816 praetextam
969 1735 1100 1816 sumpto

165 1835 263 1912 ⁸orace
276 1815 434 1912 mutasti,-
460 1753 586 1879 laetam
608 1817 716 1900 posito
744 1819 888 1902 scipione
909 1816 1055 1900 rapuisti,
1079 1838 1100 1880 a

93 1915 118 1955 1ο
131 1899 284 1963 tubunalr
304 1901 404 1964 temet
425 1923 461 1964 1n
476 1920 632 1983 campum,
656 1923 675 1964 a
690 1901 790 1965 curuli
804 1902 839 1965 in
854 1922 968 1985 equum
988 1903 1096 1966 trans-

130 1983 234 2046 tulisti
254 1986 287 2047 et
305 2005 413 2048 rursus
432 2006 471 2049 ex
489 1985 557 2048 acie
580 2006 652 2048 cum
672 1985 835 2070 triumpho
856 1984 967 2049 redisti
981 1987 1098 2050 totam-

131 2066 299 2217 illiti
318 2068 916 2218 tlttltttttts‘thttt
929 2074 1099 2239 elidit?

130 2236 218 2302 tibus
240 2240 273 2302 et
300 2237 451 2303 sacrificis
480 2239 629 2303 odoribus
650 2238 792 2303 accensis
813 2238 939 2302 numini
958 2241 1014 2301 tuo
1035 2239 1095 2302 im·

92 2337 117 2378 25
129 2322 234 2405 plesti.
270 2322 316 2386 ita
338 2325 473 2407 utroque
500 2322 586 2389 illius
613 2323 676 2388 diei
704 2344 852 2408 supremo
882 2326 1024 2405 tempore
1046 2323 1098 2387 bis

131 2405 240 2469 diuina
268 2428 319 2470 res
347 2409 419 2491 pari
446 2408 601 2493 religione
632 2407 792 2473 celebrata
821 2410 878 2491 est,
909 2407 988 2490 Ioui,
1019 2406 1097 2470 dum

129 2509 187 2571 pro
209 2489 326 2553 futuris
348 2496 492 2573 uouctur‚
514 2492 584 2575 tibi,
612 2492 688 2556 dum
732 2513 768 2556 ro
791 2492 926 2557 uictoria
948 2491 1095 2556 soluitur.

185 2570 258 2636 VII.
282 2573 357 2637 Tale
377 2575 478 2658 igitur
497 2576 674 2659 auspicium
694 2514 780 2640 illius
802 2577 880 2640 anni
894 2574 970 2659 quid
986 2596 1096 2659 seque-

130 2654 223 2718 batur
251 2656 313 2719 nisi
346 2678 467 2721 nouum
501 2659 630 2743 aliquod
666 2661 699 2723 et
732 2661 849 2745 ingens
881 2658 1096 2724 miraculum?

91 2755 117 2797 eo
132 2738 216 2822 quod
244 2742 349 2804 autem
376 2742 478 2806 maius
507 2744 634 2807 euenire
660 2745 767 2827 potuit
795 2745 851 2809 illa
879 2742 1094 2810 1111111111-

129 2823 272 2887 maniam
292 2825 566 2911 transgressione?
589 2831 708 2911 quatu
729 2828 852 2911 primus
873 2829 1018 2894 omnium
1038 2828 1096 2892 im-

128 2911 312 2990 peratorum
345 2911 489 2993 probasti
527 2911 666 2976 Romani
704 2912 832 2996 imperii
870 2914 994 2978 nullum
1027 2934 1096 2977 esse

197 3065 212 3111 2
230 3064 311 3127 primi
328 3078 344 3131 ς
366 3061 379 3130 H
401 3067 416 3115 8
433 3080 517 3130 opera
534 3067 680 3117 divinetur:
700 3064 813 3133 1111111
833 3069 865 3119 10
877 3068 967 3118 soluta
979 3067 1096 3118 reddere

128 3131 235 3193 scripsi:
259 3132 408 3182 coniuncta
426 3132 525 3184 dobere
542 3134 569 3181 Π
587 3135 718 3184 conuictu
735 3134 829 3186 delere
847 3135 1005 3186 Sctworzius
1028 3133 1039 3199 l
1064 3138 1095 3184 12

128 3193 208 3261 mihi]
229 3197 258 3246 in
275 3199 307 3247 W
334 3196 344 3263 fl
374 3201 405 3249 18
418 3201 501 3251 nenia
520 3203 537 3249 0
555 3214 592 3251 w:
611 3205 722 3254 ueniam
740 3201 790 3268 ΠΙ
816 3208 848 3254 tu
865 3203 988 3268 iuppiter
1004 3204 1095 3266 tog.0

130 3260 144 3328 Η
164 3265 196 3314 23
214 3266 289 3315 auria
306 3266 329 3314 Α
346 3267 379 3315 W
395 3265 485 3317 Bert:
510 3283 573 3319 aras
589 3269 610 3318 B
626 3271 645 3318 0
661 3271 683 3318 V
702 3269 793 3337 arieg
823 3268 830 3335 l
859 3269 1043 3336 flagrantibus
1059 3270 1096 3332 H,

127 3334 235 3382 correct
257 3330 267 3397 ΙΙ
291 3335 324 3383 24
340 3333 485 3385 sacrificiis
496 3336 534 3397 H,
552 3352 620 3388 corr.
638 3336 721 3388 Liuia.
742 3335 840 3401 lodor.
859 3353 920 3389 acc.
936 3335 1095 3390 auffert:

128 3402 158 3451 11
170 3399 244 3454 odor.
259 3403 345 3452 1110
357 3401 432 3456 odor.
443 3406 471 3453 et
481 3417 538 3458 111.
556 3404 578 3452 Δ
590 3406 623 3453 W
635 3404 709 3456 odor.
725 3409 753 3455 et
770 3421 829 3457 acc.
844 3421 909 3456 num
918 3410 938 3458 t.
948 3404 1096 3456 luminibus

128 3466 203 3533 (lurp.
228 3465 238 3533 [Ι
262 3469 520 3521 2511111111ᾱὶ11
549 3468 559 3537 ll
587 3474 620 3524 30
637 3473 725 3539 magis
742 3475 775 3523 W
799 3470 809 3539 ΙΙ
833 3477 864 3526 31
876 3472 1066 3539 imperatorll
