2294 3780
113 185 175 249 286
436 188 498 238 ΧΠ.
529 185 661 238 rnosrr
679 186 759 236 rau.

114 358 181 400 non
209 334 358 400 habebat.
403 335 631 400 renuntiantur
662 335 755 399 amici
790 338 864 398 ante
898 335 982 399 filios
1010 338 1084 400 tuos

117 420 276 567 oopsules,
311 419 385 504 quia
418 441 485 483 non
512 422 662 503 poterant
688 420 760 502 plus
790 441 857 482 esse
887 441 983 502 quam
1012 441 1085 484 con·

115 526 151 568 su
165 526 208 568 ee.

177 588 282 653 XVII.
324 588 389 651 Eat
409 609 495 652 nune
518 589 569 651 sui
591 588 784 652 ostentatrix
805 589 951 651 uetustas
976 591 1009 651 et
1030 588 1087 653 illa

90 671 291 736 sinnumeris
303 672 482 736 litterarum
498 672 552 735 uul
576 677 630 736 ata
645 672 850 736 monimentis
865 672 965 736 iactet
981 694 1087 737 exem·

115 756 177 838 pla.
208 755 345 819 Pirithoi
366 755 461 820 fidem
477 694 639 839 praedicet
662 759 694 820 et
709 756 914 820 decantatum
937 757 1087 821 omnibus

116 840 219 903 scenis
253 839 393 903 Phocaei
425 840 551 904 iuuenis
584 840 692 905 laudet
723 840 878 922 officium3
920 840 1088 904 Pinthiam

117 924 223 1005 etiam,
246 924 273 987 si
295 924 430 1007 uidetur,
453 925 539 989 dicat
560 928 593 988 et
609 924 766 1008 Damone,
790 945 924 1007 quorum
947 924 1030 988 alter
1051 926 1088 988 in

117 1008 212 1071 amici
233 1012 368 1072 mortem
398 1030 431 1072 se
453 1009 567 1072 uadem
596 1009 726 1093 obtulit,
757 1009 839 1072 alter
861 1009 901 1071 ad
924 1008 1010 1071 diem
1032 1031 1087 1072 ua·

79 1111 104 1150 ro
118 1090 210 1156 datae
237 1093 348 1156 mortis
378 1093 525 1157 occurrit.
569 1097 605 1156 ut
626 1093 705 1157 haec
730 1114 799 1156 esse
821 1114 898 1156 uera
920 1093 1088 1158 credamus

139 1198 197 1240 uae
226 1177 401 1241 mendaciis
427 1181 536 1241 uatum
563 1178 598 1240 in
620 1178 751 1260 plausus
780 1180 891 1258 aptata
919 1198 1090 1241 causarum

117 1198 211 1324 idem
234 1262 369 1344 tempori
393 1261 518 1343 debent,
545 1283 623 1325 num
645 1264 809 1344 praestare
833 1261 991 1325 credendo
1012 1262 1090 1345 plus

117 1366 284 1427 possumus
306 1368 403 1430 quam
425 1350 462 1409 ut
483 1348 562 1409 istos
584 1348 638 1429 qui
661 1345 819 1409 amicitiae
837 1345 932 1409 laude
956 1366 1089 1410 censen·

117 1434 171 1493 tur
191 1430 364 1494 amicorum
379 1431 476 1493 fuisse
497 1451 593 1513 quam
612 1431 662 1494 sui
677 1429 897 1514 diligentiores
915 1428 1089 1513 putemus?

80 1529 105 1570 1⁵
119 1513 174 1577 sed
207 1535 278 1578 cum
312 1514 500 1578 instituente
532 1518 649 1577 natura
677 1514 748 1597 plus
778 1514 846 1578 fere
874 1513 959 1577 filios
993 1536 1090 1598 quam

117 1601 243 1661 nosmet
264 1599 350 1681 ipsos
373 1598 560 1683 diligamur,
590 1620 685 1662 omne
707 1598 808 1662 uincit
830 1598 1011 1680 exemplum
1033 1598 1089 1682 qui

119 1683 236 1747 amicos
269 1682 319 1745 his
347 1683 501 1765 praetulit
528 1704 606 1765 quos
642 1681 703 1746 sibi
730 1681 944 1764 praeferebat.
993 1686 1026 1747 et
1053 1685 1090 1746 tu

119 1767 246 1848 quidem
262 1767 301 1828 ad
318 1768 552 1830 exonerandam
567 1767 751 1830 debentium
766 1766 993 1831 uerecundiam
1008 1788 1089 1850 quae

119 1849 153 1911 in
180 1852 251 1911 tuos
282 1848 408 1911 confers
435 1871 501 1912 non
529 1850 579 1914 uis
606 1850 708 1914 uideri
730 1854 906 1933 praestare,
936 1851 992 1915 sed
1019 1852 1091 1915 red-

81 1949 107 1988 ro
120 1932 202 1995 dere.
246 1953 395 2016 geramus
417 1933 477 1996 tibi
499 1955 621 1997 morem
644 1937 676 1998 et
698 1935 924 1998 beneficiorum
947 1956 1090 1999 summas

119 2019 247 2080 tuorum
273 2037 332 2100 pro
355 2019 411 2080 tua
438 2017 601 2082 uoluntate
627 2019 794 2100 ducentes,
825 2018 976 2103 quicquid
998 2019 1091 2083 fami·

120 2100 251 2167 liaribus
266 2102 330 2165 tuis
345 2102 470 2186 tribuis,
493 2125 558 2167 non
585 2103 732 2187 expendi,
756 2103 810 2166 sed
828 2103 933 2185 potius
955 2103 1091 2186 rependi

119 2189 277 2267 putemus.
323 2186 485 2251 enimuero
510 2209 582 2251 cum
604 2188 717 2252 leuiter
741 2188 887 2270 cognitos
911 2187 1091 2252 autetiam

120 2270 218 2334 semel
232 2271 318 2334 uisos
340 2271 391 2335 his
406 2270 581 2336 honoribus
601 2271 685 2336 ditas
707 2271 821 2354 quibus
844 2274 876 2334 et
898 2271 996 2336 amici
1018 2293 1092 2356 pos·

82 2367 108 2409 2⁵
121 2358 192 2418 sent
215 2376 282 2419 esse
306 2356 464 2421 contenti:
487 2376 596 2419 nonne
616 2355 765 2420 omnibus
787 2355 835 2418 uis
850 2356 988 2440 probare
1012 2356 1090 2420 ami·

121 2460 192 2502 cum
214 2439 274 2503 tibi
297 2461 365 2503 esse
388 2439 442 2522 qui
463 2440 565 2503 bonus
588 2441 652 2504 sit?
676 2441 854 2522 cuicunque
876 2440 954 2523 quid
968 2440 1091 2524 publici

120 2522 307 2586 mandatum
328 2524 425 2586 fuerit
447 2524 554 2607 officii,
578 2525 754 2607 praemium
777 2522 952 2608 spondetur
975 2528 1008 2588 et
1022 2524 1091 2589 red·

121 2605 215 2669 ditur.
263 2606 324 2670 sibi
353 2606 568 2671 humilitatem
604 2611 635 2672 et
661 2609 809 2673 tenebras
845 2629 918 2672 suas
952 2609 1092 2693 imputet

121 2689 229 2753 iacens
251 2691 352 2753 uirtus
375 2712 455 2773 quae
477 2713 543 2755 non
564 2692 680 2756 obtulit
702 2715 735 2756 se
757 2692 966 2775 probandam.
1006 2693 1092 2777 quod

84 2790 109 2831 so
122 2773 337 2923 kcpnscientiae
364 2779 437 2838 tuae
470 2776 603 2858 suffieit,
637 2776 811 2842 honoratus
845 2779 895 2840 est
929 2776 984 2860 qui
1018 2797 1091 2861 pro·

144 2861 223 2924 atne.

187 3100 204 3146 4
226 3102 347 3148 uetustas
371 3105 397 3148 et
416 3112 452 3147 w:
480 3105 589 3150 uetusta
613 3099 662 3150 sed
680 3101 703 3149 A
723 3103 851 3149 uetustas
875 3099 925 3150 sed
948 3101 1046 3149 ΒΗ
1077 3096 1089 3163 ΙΙ

121 3166 137 3213 6
157 3163 281 3213 Perithoi
299 3167 331 3211 W
361 3162 370 3229 ΙΙ
401 3168 415 3215 7
434 3167 569 3230 pinthiam
586 3169 608 3217 A
625 3169 645 3216 B
665 3168 697 3215 V:
723 3167 860 3217 Phithiam
878 3167 911 3215 W
936 3167 1052 3232 pithiam
1075 3170 1092 3217 (l

124 3226 136 3295 ll
157 3232 172 3280 9
190 3235 274 3280 morte
292 3234 326 3293 Π,
345 3249 413 3284 corr.
434 3235 567 3284 Acidaliae
591 3233 602 3299 ΙΙ
626 3235 658 3283 16
676 3234 764 3284 uincit
780 3234 804 3281 Δ
821 3235 856 3284 V:
876 3234 945 3284 uicit
963 3236 1059 3284 ΒΗ
1077 3231 1091 3301 ΙΙ

123 3299 154 3346 17
178 3303 205 3347 et
227 3299 375 3349 Acidaliae:
404 3301 452 3350 sed
476 3304 503 3348 Π
532 3300 542 3366 ll
572 3304 603 3351 22
626 3302 716 3366 potius
740 3302 786 3352 sed
807 3304 846 3363 Η,
869 3310 1004 3367 transpos.
1023 3303 1093 3352 Liui-

17 3378 21 3383 ·
120 3367 191 3414 reios
220 3363 230 3430 ΙΙ
260 3369 293 3417 24
315 3367 398 3417 semel
415 3377 476 3431 post
493 3368 641 3418 honoribus
658 3371 739 3418 iterat
757 3370 787 3424 0.
810 3371 877 3419 ande
895 3369 993 3421 honor.
1011 3367 1094 3421 simul

122 3435 179 3482 edd.
205 3430 215 3497 ΙΙ
244 3436 276 3484 25
295 3434 336 3485 uis
354 3449 391 3483 w:
416 3438 520 3487 suisli
543 3433 553 3500 ΙΙ
582 3437 614 3486 26
632 3437 742 3501 publice
760 3437 794 3483 W
817 3433 827 3501 Ι]
853 3438 885 3486 27
907 3437 1000 3487 suits
1025 3435 1036 3503 Ι
1059 3438 1092 3490 30

27 3512 30 3519 ·
121 3502 163 3548 est
180 3499 331 3553 honoratus
349 3503 369 3551 Β
391 3504 413 3551 V
