2294 3780
104 143 166 207 243
447 145 496 198 111.
525 145 736 196 minuamur

105 296 235 378 castris,
263 295 384 359 hiemes
412 295 447 358 in
468 294 682 358 tribunalibus
705 295 803 379 degit.
847 295 893 358 ita
920 293 968 357 illi
995 295 1076 358 anni

104 381 207 464 spatia
235 379 339 444 diuisa
367 382 443 443 sunt
469 383 505 443 ut
533 381 589 442 aut
611 378 766 443 barbaros
792 378 926 443 domitet
953 382 1009 442 aut
1031 378 1076 443 ci-

103 464 196 528 uibus
218 464 288 528 iura
310 464 468 542 restituat,
491 465 680 546 perpetuum
696 462 860 546 professus
883 466 938 527 aut
961 465 1077 527 111111
1126 514 1134 530 .

103 548 230 613 hostem
253 552 308 612 aut
331 552 444 612 contra
465 547 546 611 uitia
569 551 752 611 certamen!

77 628 105 691 s
167 633 207 697 V.
234 633 322 696 Haec
343 653 437 696 uoces
452 631 583 695 fuerunt
605 631 645 694 ad
661 630 891 695 inflammanda
913 631 987 695 odia
1002 653 1078 715 pro-

103 718 171 781 bris
194 716 341 780 omnibus
356 717 561 799 potentiores.
589 717 616 779 si
640 717 724 779 enim
746 716 945 780 comminisci
967 716 1078 800 aliqua

104 801 229 885 flagitia
252 803 478 883 temptassent,
507 799 601 863 facile
625 800 694 883 ipso
723 800 892 883 splendore
914 801 1019 864 laudis
1041 804 1079 864 at

104 883 227 970 gloriae
264 885 488 949 refutarentur.
532 884 727 948 inuenerunt
763 885 935 948 accusandi
970 905 1079 968 genus

105 969 188 1053 quod
211 968 317 1032 nullus
340 969 509 1033 refelleret.
541 968 596 1032 sed
618 968 703 1052 quid,
727 989 871 1052 urceos,
894 970 1078 1052 principem

65 1056 252 1117 mnostrum
280 1053 385 1118 facere
414 1053 560 1117 debuisse
588 1052 747 1117 censetis?
791 1051 954 1117 Romanas
978 1054 1080 1118 urbes

104 1137 249 1202 hostibus
271 1138 401 1202 dederet
422 1159 463 1201 ne
487 1137 628 1201 animum
643 1136 753 1200 fratris
777 1136 975 1201 offenderet?
999 1159 1077 1221 pro-

105 1223 227 1286 1111111
255 1223 454 1286 firmissimas
487 1221 736 1304 utilissimasque
764 1221 811 1285 rei
838 1222 986 1305 publicae
1015 1223 1078 1286 sub

105 1308 268 1371 obtutibus
291 1308 356 1371 suis
379 1307 488 1371 uexari
512 1327 548 1370 ac
571 1306 667 1389 diripi
689 1305 823 1386 sineret,
847 1328 888 1369 11
910 1306 985 1389 quid
1010 1307 1077 1369 Au-

105 1395 218 1476 gustus
239 1392 323 1475 quod
339 1392 440 1455 nollet
455 1390 602 1454 audiret?
623 1390 756 1474 flagitiis
775 1390 1076 1454 administrantium

67 1494 92 1533 15
105 1497 172 1539 non
195 1477 289 1539 modo
311 1477 404 1539 frena
425 1476 561 1557 laxaret,
585 1475 641 1538 sed
664 1475 759 1538 etiam
782 1475 963 1538 stimulator
986 1496 1077 1539 acce-

106 1559 204 1642 deret,
228 1583 269 1624 ne
291 1561 376 1623 inter
390 1560 552 1642 principes
567 1559 688 1623 faceret
708 1579 833 1622 morum
849 1559 1077 1623 dissimilitudo

106 1643 318 1707 discordiam?
355 1644 496 1707 nobilem
517 1643 667 1708 Etruriae
696 1643 933 1707 adulescentem
954 1644 1076 1727 ferunt,

107 1749 179 1791 cunr
200 1729 332 1810 propter
360 1728 509 1791 eximiam
536 1728 659 1791 formae
681 1728 873 1812 dignitatem
899 1727 1075 1791 multarum

105 1811 141 1874 in
162 1831 195 1874 se
217 1810 408 1875 feminarum
438 1833 562 1876 amores
585 1811 752 1895 excitaret,
780 1812 898 1876 faciem
920 1834 1010 1875 suam
1033 1812 1074 1875 ad

67 1914 92 1953 so
106 1893 336 1958 obliterandam
377 1894 625 1979 pulcritudinem
672 1897 858 1960 uulneribus
901 1897 1072 1960 sauciasse.

105 1978 161 2042 sed
192 1978 288 2042 facile
324 1979 387 2043 fuit
422 1979 530 2043 iuueni
564 1980 715 2063 dignitati
753 1980 892 2044 sororis
927 1981 1073 2045 decorem

105 2063 203 2127 animi
229 2066 440 2147 praeponenti
474 2067 507 2128 et
536 2064 707 2128 candorem
737 2003 917 2133 decolorare
948 2065 1073 2131 eteris

104 2147 244 2212 nitorem
265 2149 328 2213 alte
348 2149 502 2232 inpressis
525 2149 727 2213 cicatricibus
748 2149 969 2213 deuenustare.
996 2171 1073 2213 num

104 2232 226 2315 aliquid
253 2233 436 2298 huiusmodi
469 2234 619 2298 aduersus
648 2255 787 2298 amorem
822 2233 940 2297 ciuium
968 2234 1074 2298 facere

66 2335 92 2375 2⁵
105 2317 215 2381 debuit
243 2317 412 2382 Iulianus?
455 2322 488 2381 at
516 2341 557 2381 11
589 2318 695 2401 potuit
722 2318 863 2400 quidem,
898 2317 961 2381 nisi
989 2319 1074 2382 forte

105 2402 324 2466 existimamus
335 2403 493 2486 patientes
509 2402 678 2465 uulnerum
691 2402 810 2465 formas
826 2423 894 2465 esse
906 2403 1072 2467 uirtutum.

106 2486 229 2549 scilicet
251 2489 283 2549 et
306 2487 475 2551 candorem
505 2486 674 2569 aequitatis
696 2487 803 2569 potuit
824 2486 1015 2551 obumbrare
1041 2492 1076 2551 et

106 2570 354 2652 atemperantia
376 2591 549 2652 purpuram
572 2572 675 2634 sancti
698 2571 822 2634 ruboris
845 2570 982 2652 abolere,
1008 2592 1074 2636 cer-

104 2652 208 2715 uicem
243 2653 445 2717 fortitudinis
481 2654 623 2736 indignis
667 2655 839 2719 confodere
875 2656 1074 2738 uulneribus,

66 2751 92 2792 eo
106 2756 214 2800 eruere
237 2737 346 2800 oeulos
369 2736 599 2821 prouidentiae!
629 2738 702 2801 dein
724 2739 788 2802 nisi
810 2739 864 2802 ille
887 2739 1073 2804 adulescens

106 2841 247 2885 seueram
269 2842 401 2885 manum
423 2822 560 2905 propriis
582 2822 722 2886 uultibus
746 2823 922 2906 intulisset,
951 2824 1018 2887 dies
1040 2827 1074 2887 et

104 2903 183 2969 hora
213 2928 249 2969 ac
276 2928 343 2970 non
370 2907 469 2990 longa
497 2907 611 2970 aetatis
641 2908 798 2971 successio
827 2928 953 2971 omnem
981 2907 1074 2971 illum

174 3129 187 3174 1
206 3125 261 3175 illis
279 3129 318 3191 1,
339 3143 408 3178 corr.
426 3141 450 3175 11
469 3125 473 3191 1
496 3129 561 3177 anni
577 3129 597 3176 B
616 3130 638 3176 V
657 3142 693 3176 w:
714 3130 792 3178 annis
811 3130 834 3176 A
852 3131 870 3177 d
894 3127 904 3194 11
932 3131 947 3178 2
967 3124 1072 3194 spatia]

123 3193 184 3242 acia
197 3190 242 3258 (=
252 3193 402 3257 patiencia)
415 3196 438 3242 A
449 3192 460 3259 ll
478 3197 493 3244 ὅ
512 3195 564 3244 hec
583 3211 642 3260 epo:
661 3196 712 3246 hee
725 3197 776 3244 AB
796 3197 829 3246 he
848 3204 907 3246 cell.
925 3196 929 3253 l
945 3197 1039 3261 probis
1050 3197 1075 3245 A

103 3210 120 3323 11
151 3262 180 3309 11
203 3260 304 3310 dedere
323 3262 349 3309 Ι
379 3259 389 3325 ΙΙ
418 3264 451 3311 24
473 3262 580 3312 aduers.
600 3263 752 3313 huiusmc
782 3260 792 3326 ΙΙ
821 3266 854 3314 25
878 3268 907 3312 at
925 3266 1073 3315 Liuineius:

104 3341 137 3376 ac
154 3329 182 3376 1
204 3326 214 3391 ΙΙ
238 3331 271 3380 18
289 3330 394 3379 roboris
412 3327 454 3393 Al
475 3331 610 3379 ceruicem
630 3333 748 3394 Lipsius:
766 3332 853 3380 uicem
871 3332 899 3379 Ι
922 3329 932 3396 ΙΙ
957 3334 990 3382 30
1008 3331 1074 3380 dein

103 3397 130 3445 in
146 3394 170 3443 A
187 3411 222 3446 ecc
240 3395 311 3445 deim
330 3412 415 3453 eorm
433 3398 467 3460 ef.
481 3398 582 3447 Laelm.
597 3399 675 3448 Lacr.
689 3415 716 3462 p.
732 3400 782 3447 148
800 3396 810 3463 ΙΙ
827 3402 859 3448 32
877 3398 946 3449 hora
959 3399 1073 3467 Eyssen-

102 3463 224 3514 sarcias.-
246 3464 365 3514 1111111
387 3463 391 3528 Ι
408 3479 443 3512 11
461 3472 487 3514 et
506 3466 608 3515 aetatis
627 3466 765 3516 successio
784 3468 833 3516 del.
852 3468 981 3530 Joeperua

1114 3543 1140 3748 l
