2294 3780
373 165 535 217 11111111
553 168 588 218 1.
610 169 720 220 11-11.
986 167 1025 230 31

57 334 158 397 guam
180 313 269 377 illam
293 316 325 378 et
345 314 483 378 ferream
505 304 644 378 frontem
665 315 876 399 nequicquam
900 317 1028 380 conuul-

56 398 238 460 nerandam
264 399 439 480 praebeant
459 399 588 481 punctis
617 402 650 463 et
670 406 765 463 notas
794 421 865 462 suas
892 400 1027 482 rideant,

56 481 113 545 sed
131 485 303 565 expectent
318 483 408 565 paria
423 484 564 566 praemio
581 483 697 547 damna
718 506 777 547 nec
798 484 934 548 maiores
955 506 1027 567 spes

56 588 155 649 quarn
172 569 275 630 metus
287 566 428 630 habeant
441 568 637 650 timeantque
652 574 809 651 quantum
820 569 1027 635 timebantur.

56 650 186 734 ingenti
208 650 335 734 quidem
357 652 463 714 animo
486 651 578 715 diuus
596 651 688 715 Titus
711 653 876 717 securitati
898 656 1052 716 nostrast

56 735 237 817 ultionique
264 739 474 818 prospexerat
500 735 634 819 ideoque
662 738 847 800 numinibus
873 741 1026 820 aequatus

57 822 123 883 est:
147 819 203 881 sed
225 823 346 902 quanto
368 824 404 882 tu
426 820 616 903 quandoque
639 819 767 903 dignior
790 822 886 904 caelo,
909 822 963 903 qui
977 824 1028 884 tot

56 925 109 966 res
132 902 196 966 illis
224 903 368 967 adiecisti
391 909 522 987 propter
543 926 622 987 quas
647 905 738 968 illum
760 906 854 968 deum
876 905 1025 969 fecimus!

56 988 91 1050 id
118 987 181 1050 hoc
212 988 315 1071 magis
349 988 483 1051 arduum
507 988 571 1051 fuit
606 988 689 1071 quod
717 989 890 1073 imperator
917 988 1026 1052 Nerua

57 1076 91 1135 te
111 1071 194 1154 filio,
221 1074 253 1134 te
282 1093 462 1135 successore
491 1072 697 1156 dignissimus
725 1095 878 1219 perquam
908 1094 1064 1156 magnam

58 1155 216 1238 quaedam
244 1156 347 1220 edicto
369 1155 435 1219 Titi
464 1155 663 1219 adstruxerat
691 1157 725 1219 ni
750 1157 834 1240 ilque
862 1157 1027 1239 reliquisse

57 1239 122 1302 nisi
145 1240 205 1302 tibi
227 1239 404 1323 uidebatur,
427 1240 480 1323 qui
503 1246 570 1304 tam
592 1240 693 1303 multa
716 1242 919 1322 excogitasti,
942 1243 979 1302 ut
1000 1241 1027 1302 si

59 1327 136 1386 ante
162 1326 195 1387 te
222 1323 304 1387 nihil
332 1327 416 1387 esset
444 1324 620 1388 inuentum.
668 1345 748 1406 quae
777 1324 905 1407 singula
927 1344 1026 1406 quan-

56 1412 129 1471 tum
151 1408 212 1471 tibi
233 1409 356 1492 gratiae
379 1409 564 1491 dispensata
586 1407 789 1473 adiecissent!
818 1413 852 1470 at
873 1411 909 1471 11
932 1407 1027 1470 simul

58 1493 529 1641 retriutorem}
552 1492 1026 1640 {lrltdtltlttllt
1040 1512 1064 1552 ¹⁵

360 1625 369 1659 7

59 1682 227 1724 commune
249 1662 419 1744 profertur.

123 1744 273 1809 XXXVI.
308 1745 409 1820 Quam
431 1745 523 1808 iuuat
545 1766 672 1808 cernere
694 1745 851 1808 aerarium
874 1745 971 1808 silens
994 1747 1027 1807 et

58 1830 203 1977 qpietum
224 1832 256 1893 et
273 1830 365 1912 quale
387 1831 462 1892 ante
480 1828 636 1893 delatores
658 1829 741 1892 erat!
771 1850 856 1892 nunc
871 1828 1027 1911 templum

97 1913 150 1996 nd,
172 1935 258 1977 nunc
279 1933 354 1976 uere
374 1914 477 1996 aedes,
501 1934 568 1976 non
584 1912 767 1997 spoliarium
784 1913 901 1976 ciuium
916 1933 1026 1976 cruen-
1039 1933 1065 1971 co

58 2000 227 2080 tarnmqne
256 1997 446 2081 praedarum
474 2018 602 2061 saeuum
630 1997 866 2080 receptaculum
894 2018 931 2060 ac
956 2001 1026 2060 toto

58 2083 94 2144 in
122 2082 198 2145 orbe
219 2085 377 2145 terrarum
406 2081 509 2145 adhuc
531 2082 619 2145 locus
646 2103 729 2145 unus
757 2082 792 2143 in
815 2102 877 2163 quo
905 2081 1027 2161 optimo

57 2165 205 2248 principe
234 2165 312 2229 boni
339 2165 432 2229 malis
460 2166 599 2248 impares
627 2168 743 2228 essent.
787 2166 896 2226 manet
918 2168 1027 2224 tamen

58 2252 165 2313 honor
177 2249 296 2333 legum,
317 2249 460 2332 nihilque
476 2270 515 2313 ex
529 2250 658 2332 publica
672 2248 811 2311 utilitate
828 2245 1025 2326 conuulsum,

58 2355 121 2398 nec
149 2355 252 2417 poena
279 2334 427 2416 cuiqnam
457 2335 605 2411 remissa,
640 2332 694 2395 sed
724 2331 832 2393 addita
860 2332 910 2392 est
937 2327 1025 2410 ultio,
1039 2346 1065 2387 25

59 2419 226 2501 solumque
241 2422 399 2481 mutatum
416 2418 498 2501 quod
514 2418 577 2480 iam
593 2437 660 2480 non
676 2415 844 2495 delatores,
868 2412 923 2476 sed
937 2412 1026 2496 leges

57 2504 222 2566 timentur.
269 2506 303 2565 at
326 2503 463 2566 fortasse
491 2522 556 2565 non
584 2501 694 2564 eadem
721 2499 891 2563 seueritate
913 2497 1027 2561 fiscum

59 2609 123 2670 qua
152 2587 308 2650 aerarium
334 2586 479 2650 cohibes:
516 2587 613 2649 immo
641 2587 732 2648 tanto
760 2584 879 2648 maiore
908 2585 1027 2666 quanto

58 2672 133 2753 plus
155 2669 214 2734 tibi
237 2671 333 2736 licere
356 2670 394 2733 de
415 2674 471 2733 tuo
493 2692 588 2753 quam
611 2670 649 2733 de
671 2669 799 2753 publico
825 2666 935 2732 credis.
981 2667 1025 2728 di·

59 2755 146 2818 citur
168 2755 268 2818 actori
288 2758 383 2837 atque
405 2755 503 2818 etiam
517 2755 716 2837 procuratori
736 2756 792 2816 tuo
815 2753 860 2815 ‘in
876 2751 925 2813 111
940 2751 1025 2831 ueni,
1039 2768 1064 2807 1ο

59 2860 192 2921 sequere
220 2838 260 2901 ad
282 2839 447 2902 tribunal'.
493 2859 568 2901 nam
590 2838 732 2901 tribunal
754 2856 878 2981 quoque
901 2833 1027 2916 excogi-

58 2926 162 2986 tatum
181 2923 374 3006 principatui
390 2926 439 2986 est
460 2944 518 3004 par
539 2923 662 3005 ceteris,
685 2922 747 2985 nisi
762 2921 818 2983 illu
856 2916 1026 3002 litigatoris

59 3007 272 3090 amplitudine
294 3007 445 3070 metiaris.
480 3027 547 3069 sors
569 3010 602 3068 et
623 3027 703 3069 urna
724 3006 801 3067 fisco
821 3003 957 3067 iudicem
980 3023 1027 3064 as-

129 3215 144 3260 3
163 3215 306 3274 expectent
319 3210 492 3260 Sclnoarzius:
510 3213 635 3273 spectent
646 3209 672 3255 11
688 3208 691 3273 Ι
707 3210 827 3272 praemia
845 3223 877 3256 ac
890 3207 989 3256 damna
1002 3217 1026 3252 w

61 3277 73 3341 5!
94 3281 110 3328 8
127 3277 186 3327 11111
199 3279 317 3341 Lipsiae:
336 3277 378 3327 illi
395 3279 421 3325 H
437 3278 441 3340 Ι
456 3276 534 3326 illum
546 3289 584 3324 wz
604 3277 686 3325 alium
698 3274 792 3341 111110
810 3291 860 3340 per
877 3289 955 3337 quem
968 3274 984 3320 c
995 3273 1027 3320 W

62 3346 73 3399 1
95 3348 127 3395 15
147 3345 294 3409 perfudisti
310 3347 344 3407 H,
363 3362 432 3396 corr.
451 3360 467 3409 ς
483 3341 487 3407 Ι
503 3344 543 3393 111
561 3342 765 3408 111111111111120
783 3342 865 3392 aedes
886 3341 1028 3392 Gronouias

59 3414 174 3465 11111]
185 3416 231 3462 16:
251 3412 318 3464 deus
336 3414 362 3459 H
379 3411 390 3477 ΙΙ
407 3414 440 3462 24
458 3411 526 3461 nihil
545 3428 578 3461 ex
597 3412 630 3460 W
647 3409 708 3477 1132
724 3409 902 3477 principandi
918 3407 1042 3468 tapetas:

62 3481 198 3531 cruciatui
215 3482 232 3528 (1
251 3481 398 3531 cruciatum
417 3481 437 3530 Β
456 3480 478 3530 V
495 3480 528 3531 W
544 3478 557 3548 11
575 3483 609 3535 33
626 3476 719 3550 urnal
732 3479 857 3532 irena}
868 3476 910 3527 Ὶ.
