<?xml version="1.0" encoding="UTF-8"?>
<!DOCTYPE html PUBLIC "-//W3C//DTD XHTML 1.0 Transitional//EN"
    "http://www.w3.org/TR/xhtml1/DTD/xhtml1-transitional.dtd">
<html xmlns="http://www.w3.org/1999/xhtml" xml:lang="en" lang="en">
 <head>
  <title>
</title>
<meta http-equiv="Content-Type" content="text/html;charset=utf-8" />
  <meta name='ocr-system' content='tesseract 3.04.00' />
  <meta name='ocr-capabilities' content='ocr_page ocr_carea ocr_par ocr_line ocrx_word'/>
</head>
<body>
  <div class='ocr_page' id='page_1' title='image "./xiipanegyricila00baehgoog_0280.png"; bbox 0 0 2294 3780; ppageno 0'>
   <div class='ocr_carea' id='block_1_1' title="bbox 261 185 1058 250">
    <p class='ocr_par' dir='ltr' id='par_1_1' title="bbox 261 185 1058 250">
     <span class='ocr_line' id='line_1_1' title="bbox 261 185 1058 250; baseline 0.001 -12"><span class='ocrx_word' id='word_1_1' title='bbox 261 186 478 239; x_wconf 82' lang='lat' dir='ltr'>GRATIARUM</span> <span class='ocrx_word' id='word_1_2' title='bbox 494 186 606 238; x_wconf 85' lang='lat' dir='ltr'><strong>ACTIO</strong></span> <span class='ocrx_word' id='word_1_3' title='bbox 625 185 789 237; x_wconf 82' lang='lat' dir='ltr'><strong>IULIANO.</strong></span> <span class='ocrx_word' id='word_1_4' title='bbox 811 189 886 238; x_wconf 80' lang='lat'><strong>1-2.</strong></span> <span class='ocrx_word' id='word_1_5' title='bbox 995 186 1058 250; x_wconf 80' lang='grc'><strong>245</strong></span> 
     </span>
    </p>
   </div>
   <div class='ocr_carea' id='block_1_2' title="bbox 88 335 1093 420">
    <p class='ocr_par' dir='ltr' id='par_1_2' title="bbox 88 335 1093 420">
     <span class='ocr_line' id='line_1_2' title="bbox 88 335 1093 420; baseline -0.002 -18"><span class='ocrx_word' id='word_1_6' title='bbox 88 337 237 402; x_wconf 76' lang='lat' dir='ltr'><strong>indiserti</strong></span> <span class='ocrx_word' id='word_1_7' title='bbox 271 339 327 399; x_wconf 90' lang='lat' dir='ltr'><strong>aut</strong></span> <span class='ocrx_word' id='word_1_8' title='bbox 353 336 475 420; x_wconf 79' lang='lat' dir='ltr'><strong>ingrati</strong></span> <span class='ocrx_word' id='word_1_9' title='bbox 509 338 594 399; x_wconf 87' lang='lat' dir='ltr'><strong>esset</strong></span> <span class='ocrx_word' id='word_1_10' title='bbox 620 335 707 399; x_wconf 87' lang='lat' dir='ltr'><strong>fama</strong></span> <span class='ocrx_word' id='word_1_11' title='bbox 740 335 913 399; x_wconf 84' lang='lat' dir='ltr'><strong>subeunda.</strong></span> <span class='ocrx_word' id='word_1_12' title='bbox 957 338 1058 400; x_wconf 89' lang='lat' dir='ltr'><strong>malui</strong></span> <span class='ocrx_word' id='word_1_13' title='bbox 1088 368 1093 375; x_wconf 93' lang='lat'>·</span> 
     </span>
    </p>
   </div>
   <div class='ocr_carea' id='block_1_3' title="bbox 39 420 1098 2950">
    <p class='ocr_par' dir='ltr' id='par_1_3' title="bbox 39 420 1098 2950">
     <span class='ocr_line' id='line_1_3' title="bbox 88 420 1058 505; baseline -0.003 -18"><span class='ocrx_word' id='word_1_14' title='bbox 88 443 161 505; x_wconf 69' lang='lat' dir='ltr'><strong>eruo</strong></span> <span class='ocrx_word' id='word_1_15' title='bbox 190 421 404 504; x_wconf 74' lang='lat' dir='ltr'><strong>eloquentiam</strong></span> <span class='ocrx_word' id='word_1_16' title='bbox 425 421 533 504; x_wconf 92' lang='lat' dir='ltr'><strong>potius</strong></span> <span class='ocrx_word' id='word_1_17' title='bbox 558 441 654 503; x_wconf 89' lang='lat' dir='ltr'><strong>quam</strong></span> <span class='ocrx_word' id='word_1_18' title='bbox 676 420 829 503; x_wconf 87' lang='lat' dir='ltr'><strong>pietatem</strong></span> <span class='ocrx_word' id='word_1_19' title='bbox 857 442 935 504; x_wconf 87' lang='lat' dir='ltr'><strong>erga</strong></span> <span class='ocrx_word' id='word_1_20' title='bbox 956 424 988 484; x_wconf 88' lang='lat' dir='ltr'><strong>te</strong></span> <span class='ocrx_word' id='word_1_21' title='bbox 1011 421 1058 485; x_wconf 81' lang='lat' dir='ltr'><strong>ol-</strong></span> 
     </span>
     <span class='ocr_line' id='line_1_4' title="bbox 88 504 1057 588; baseline -0.002 -17"><span class='ocrx_word' id='word_1_22' title='bbox 88 507 162 571; x_wconf 93' lang='lat' dir='ltr'><strong>ficio</strong></span> <span class='ocrx_word' id='word_1_23' title='bbox 183 526 254 570; x_wconf 90' lang='lat' dir='ltr'><strong>meo</strong></span> <span class='ocrx_word' id='word_1_24' title='bbox 269 504 452 569; x_wconf 86' lang='lat' dir='ltr'><strong>desiderari.</strong></span> <span class='ocrx_word' id='word_1_25' title='bbox 483 507 515 568; x_wconf 90' lang='lat' dir='ltr'><strong>et</strong></span> <span class='ocrx_word' id='word_1_26' title='bbox 537 526 614 568; x_wconf 88' lang='lat' dir='ltr'><strong>sanc</strong></span> <span class='ocrx_word' id='word_1_27' title='bbox 636 506 671 568; x_wconf 92' lang='lat' dir='ltr'><strong>in</strong></span> <span class='ocrx_word' id='word_1_28' title='bbox 686 504 737 568; x_wconf 88' lang='lat' dir='ltr'><strong>his</strong></span> <span class='ocrx_word' id='word_1_29' title='bbox 752 504 926 568; x_wconf 86' lang='lat' dir='ltr'><strong>honoribus</strong></span> <span class='ocrx_word' id='word_1_30' title='bbox 943 505 1057 588; x_wconf 90' lang='lat' dir='ltr'><strong>quibus</strong></span> 
     </span>
     <span class='ocr_line' id='line_1_5' title="bbox 88 589 1058 675; baseline -0.004 -19"><span class='ocrx_word' id='word_1_31' title='bbox 88 612 140 656; x_wconf 90' lang='lat' dir='ltr'><strong>me</strong></span> <span class='ocrx_word' id='word_1_32' title='bbox 168 591 257 675; x_wconf 83' lang='lat' dir='ltr'><strong>prius</strong></span> <span class='ocrx_word' id='word_1_33' title='bbox 284 589 472 653; x_wconf 85' lang='lat' dir='ltr'><strong>honestaras</strong></span> <span class='ocrx_word' id='word_1_34' title='bbox 500 589 605 653; x_wconf 88' lang='lat' dir='ltr'><strong>minor</strong></span> <span class='ocrx_word' id='word_1_35' title='bbox 632 610 700 653; x_wconf 91' lang='lat' dir='ltr'><strong>esse</strong></span> <span class='ocrx_word' id='word_1_36' title='bbox 729 611 824 653; x_wconf 87' lang='lat' dir='ltr'><strong>causa</strong></span> <span class='ocrx_word' id='word_1_37' title='bbox 852 589 892 652; x_wconf 88' lang='lat' dir='ltr'><strong>ad</strong></span> <span class='ocrx_word' id='word_1_38' title='bbox 918 589 1058 673; x_wconf 83' lang='lat' dir='ltr'><strong>agendas</strong></span> 
     </span>
     <span class='ocr_line' id='line_1_6' title="bbox 89 674 1084 761; baseline -0.006 -22"><span class='ocrx_word' id='word_1_39' title='bbox 89 677 211 761; x_wconf 75' lang='lat' dir='ltr'><strong>gratias</strong></span> <span class='ocrx_word' id='word_1_40' title='bbox 233 674 408 739; x_wconf 87' lang='lat' dir='ltr'><strong>uidebatur.</strong></span> <span class='ocrx_word' id='word_1_41' title='bbox 451 695 528 737; x_wconf 90' lang='lat' dir='ltr'><strong>nam</strong></span> <span class='ocrx_word' id='word_1_42' title='bbox 551 695 623 737; x_wconf 91' lang='lat' dir='ltr'><strong>cum</strong></span> <span class='ocrx_word' id='word_1_43' title='bbox 645 695 695 736; x_wconf 92' lang='lat' dir='ltr'><strong>me</strong></span> <span class='ocrx_word' id='word_1_44' title='bbox 718 674 874 738; x_wconf 88' lang='lat' dir='ltr'><strong>aerarium</strong></span> <span class='ocrx_word' id='word_1_45' title='bbox 895 675 1084 758; x_wconf 81' lang='lat' dir='ltr'><strong>publicums</strong></span> 
     </span>
     <span class='ocr_line' id='line_1_7' title="bbox 91 757 1059 843; baseline -0.002 -19"><span class='ocrx_word' id='word_1_46' title='bbox 91 781 203 825; x_wconf 85' lang='lat' dir='ltr'><strong>curare</strong></span> <span class='ocrx_word' id='word_1_47' title='bbox 232 757 378 841; x_wconf 80' lang='lat' dir='ltr'><strong>uoluisti,</strong></span> <span class='ocrx_word' id='word_1_48' title='bbox 409 779 481 822; x_wconf 92' lang='lat' dir='ltr'><strong>cum</strong></span> <span class='ocrx_word' id='word_1_49' title='bbox 506 778 661 840; x_wconf 87' lang='lat' dir='ltr'><strong>quaerens</strong></span> <span class='ocrx_word' id='word_1_50' title='bbox 690 758 794 822; x_wconf 91' lang='lat' dir='ltr'><strong>uirum</strong></span> <span class='ocrx_word' id='word_1_51' title='bbox 821 759 921 822; x_wconf 92' lang='lat' dir='ltr'><strong>animi</strong></span> <span class='ocrx_word' id='word_1_52' title='bbox 949 760 1059 843; x_wconf 86' lang='lat' dir='ltr'><strong>magni</strong></span> 
     </span>
     <span class='ocr_line' id='line_1_8' title="bbox 90 841 1058 927; baseline -0.002 -18"><span class='ocrx_word' id='word_1_53' title='bbox 90 844 243 909; x_wconf 84' lang='lat' dir='ltr'><strong>aduersus</strong></span> <span class='ocrx_word' id='word_1_54' title='bbox 269 842 454 927; x_wconf 87' lang='lat' dir='ltr'><strong>pecuniam,</strong></span> <span class='ocrx_word' id='word_1_55' title='bbox 491 842 584 906; x_wconf 91' lang='lat' dir='ltr'><strong>liberi</strong></span> <span class='ocrx_word' id='word_1_56' title='bbox 612 841 765 907; x_wconf 85' lang='lat' dir='ltr'><strong>aduersus</strong></span> <span class='ocrx_word' id='word_1_57' title='bbox 794 843 946 926; x_wconf 87' lang='lat' dir='ltr'><strong>offensas,</strong></span> <span class='ocrx_word' id='word_1_58' title='bbox 985 864 1058 908; x_wconf 89' lang='lat' dir='ltr'><strong>con·</strong></span> 
     </span>
     <span class='ocr_line' id='line_1_9' title="bbox 89 926 1058 1009; baseline -0.002 -15"><span class='ocrx_word' id='word_1_59' title='bbox 89 930 207 993; x_wconf 87' lang='lat' dir='ltr'><strong>stantis</strong></span> <span class='ocrx_word' id='word_1_60' title='bbox 236 928 388 991; x_wconf 87' lang='lat' dir='ltr'><strong>aduersus</strong></span> <span class='ocrx_word' id='word_1_61' title='bbox 409 926 565 990; x_wconf 88' lang='lat' dir='ltr'><strong>inuidiam</strong></span> <span class='ocrx_word' id='word_1_62' title='bbox 594 948 644 990; x_wconf 91' lang='lat' dir='ltr'><strong>me</strong></span> <span class='ocrx_word' id='word_1_63' title='bbox 667 928 722 1009; x_wconf 93' lang='lat' dir='ltr'><strong>qui</strong></span> <span class='ocrx_word' id='word_1_64' title='bbox 744 927 803 991; x_wconf 89' lang='lat' dir='ltr'><strong>tibi</strong></span> <span class='ocrx_word' id='word_1_65' title='bbox 829 928 955 992; x_wconf 88' lang='lat' dir='ltr'><strong>uiderer</strong></span> <span class='ocrx_word' id='word_1_66' title='bbox 978 928 1058 992; x_wconf 91' lang='lat' dir='ltr'><strong>eius-</strong></span> 
     </span>
     <span class='ocr_line' id='line_1_10' title="bbox 87 1011 1059 1096; baseline -0.001 -19"><span class='ocrx_word' id='word_1_67' title='bbox 87 1012 176 1077; x_wconf 88' lang='lat' dir='ltr'><strong>modi</strong></span> <span class='ocrx_word' id='word_1_68' title='bbox 197 1012 346 1096; x_wconf 80' lang='lat' dir='ltr'><strong>delegisti</strong></span> <span class='ocrx_word' id='word_1_69' title='bbox 369 1012 463 1094; x_wconf 87' lang='lat' dir='ltr'><strong>idque</strong></span> <span class='ocrx_word' id='word_1_70' title='bbox 486 1033 522 1074; x_wconf 91' lang='lat' dir='ltr'><strong>eo</strong></span> <span class='ocrx_word' id='word_1_71' title='bbox 542 1015 686 1094; x_wconf 88' lang='lat' dir='ltr'><strong>tempore</strong></span> <span class='ocrx_word' id='word_1_72' title='bbox 709 1032 771 1094; x_wconf 92' lang='lat' dir='ltr'><strong>quo</strong></span> <span class='ocrx_word' id='word_1_73' title='bbox 794 1011 966 1076; x_wconf 84' lang='lat' dir='ltr'><strong>exhaustae</strong></span> <span class='ocrx_word' id='word_1_74' title='bbox 988 1034 1059 1096; x_wconf 90' lang='lat' dir='ltr'><strong>pro-</strong></span> 
     </span>
     <span class='ocr_line' id='line_1_11' title="bbox 89 1095 1098 1180; baseline 0 -19"><span class='ocrx_word' id='word_1_75' title='bbox 89 1098 216 1161; x_wconf 87' lang='lat' dir='ltr'><strong>uinciae</strong></span> <span class='ocrx_word' id='word_1_76' title='bbox 238 1097 357 1180; x_wconf 86' lang='lat' dir='ltr'><strong>partim</strong></span> <span class='ocrx_word' id='word_1_77' title='bbox 379 1095 625 1180; x_wconf 84' lang='lat' dir='ltr'><strong>depraedatione</strong></span> <span class='ocrx_word' id='word_1_78' title='bbox 647 1095 829 1178; x_wconf 84' lang='lat' dir='ltr'><strong>barbarica,</strong></span> <span class='ocrx_word' id='word_1_79' title='bbox 852 1100 971 1179; x_wconf 88' lang='lat' dir='ltr'><strong>partim</strong></span> <span class='ocrx_word' id='word_1_80' title='bbox 993 1119 1059 1161; x_wconf 92' lang='lat' dir='ltr'><strong>non</strong></span> <span class='ocrx_word' id='word_1_81' title='bbox 1072 1116 1098 1155; x_wconf 75' lang='grc' dir='ltr'><strong>ιο</strong></span> 
     </span>
     <span class='ocr_line' id='line_1_12' title="bbox 88 1179 1059 1264; baseline -0.002 -18"><span class='ocrx_word' id='word_1_82' title='bbox 88 1182 196 1246; x_wconf 89' lang='lat' dir='ltr'><strong>minus</strong></span> <span class='ocrx_word' id='word_1_83' title='bbox 224 1180 406 1245; x_wconf 82' lang='lat' dir='ltr'><strong>exitialibus</strong></span> <span class='ocrx_word' id='word_1_84' title='bbox 434 1202 530 1263; x_wconf 89' lang='lat' dir='ltr'><strong>quam</strong></span> <span class='ocrx_word' id='word_1_85' title='bbox 552 1179 709 1263; x_wconf 87' lang='lat' dir='ltr'><strong>pudendis</strong></span> <span class='ocrx_word' id='word_1_86' title='bbox 731 1180 980 1264; x_wconf 88' lang='lat' dir='ltr'><strong>praesidentium</strong></span> <span class='ocrx_word' id='word_1_87' title='bbox 1009 1202 1059 1244; x_wconf 86' lang='lat' dir='ltr'><strong>ra·</strong></span> 
     </span>
     <span class='ocr_line' id='line_1_13' title="bbox 87 1264 1059 1349; baseline -0.002 -20"><span class='ocrx_word' id='word_1_88' title='bbox 87 1266 176 1349; x_wconf 91' lang='lat' dir='ltr'><strong>pinis</strong></span> <span class='ocrx_word' id='word_1_89' title='bbox 208 1266 294 1328; x_wconf 85' lang='lat' dir='ltr'><strong>ultro</strong></span> <span class='ocrx_word' id='word_1_90' title='bbox 328 1286 422 1347; x_wconf 92' lang='lat' dir='ltr'><strong>opem</strong></span> <span class='ocrx_word' id='word_1_91' title='bbox 449 1264 652 1348; x_wconf 86' lang='lat' dir='ltr'><strong>imperatoris</strong></span> <span class='ocrx_word' id='word_1_92' title='bbox 683 1269 907 1347; x_wconf 83' lang='lat' dir='ltr'><strong>exposcerent,</strong></span> <span class='ocrx_word' id='word_1_93' title='bbox 941 1265 1059 1328; x_wconf 87' lang='lat' dir='ltr'><strong>milites</strong></span> 
     </span>
     <span class='ocr_line' id='line_1_14' title="bbox 39 1348 1060 1433; baseline -0.002 -19"><span class='ocrx_word' id='word_1_94' title='bbox 39 1352 43 1357; x_wconf 80' lang='lat'>&#39;</span> <span class='ocrx_word' id='word_1_95' title='bbox 88 1372 184 1433; x_wconf 88' lang='lat' dir='ltr'><strong>saepe</strong></span> <span class='ocrx_word' id='word_1_96' title='bbox 212 1350 367 1415; x_wconf 82' lang='lat' dir='ltr'><strong>anteactis</strong></span> <span class='ocrx_word' id='word_1_97' title='bbox 388 1349 588 1433; x_wconf 88' lang='lat' dir='ltr'><strong>temporibus</strong></span> <span class='ocrx_word' id='word_1_98' title='bbox 611 1349 686 1411; x_wconf 93' lang='lat' dir='ltr'><strong>ludo</strong></span> <span class='ocrx_word' id='word_1_99' title='bbox 707 1348 811 1412; x_wconf 88' lang='lat' dir='ltr'><strong>habiti</strong></span> <span class='ocrx_word' id='word_1_100' title='bbox 832 1370 983 1431; x_wconf 86' lang='lat' dir='ltr'><strong>praesens</strong></span> <span class='ocrx_word' id='word_1_101' title='bbox 1006 1350 1060 1413; x_wconf 89' lang='lat' dir='ltr'><strong>sti·</strong></span> 
     </span>
     <span class='ocr_line' id='line_1_15' title="bbox 86 1433 1059 1518; baseline -0.001 -20"><span class='ocrx_word' id='word_1_102' title='bbox 86 1435 242 1518; x_wconf 90' lang='lat' dir='ltr'><strong>pendium</strong></span> <span class='ocrx_word' id='word_1_103' title='bbox 263 1433 465 1518; x_wconf 88' lang='lat' dir='ltr'><strong>flagitarent:</strong></span> <span class='ocrx_word' id='word_1_104' title='bbox 489 1455 614 1517; x_wconf 93' lang='lat' dir='ltr'><strong>quoquo</strong></span> <span class='ocrx_word' id='word_1_105' title='bbox 636 1433 730 1496; x_wconf 92' lang='lat' dir='ltr'><strong>modo</strong></span> <span class='ocrx_word' id='word_1_106' title='bbox 752 1433 884 1496; x_wconf 89' lang='lat' dir='ltr'><strong>uidebar</strong></span> <span class='ocrx_word' id='word_1_107' title='bbox 904 1433 1059 1497; x_wconf 87' lang='lat' dir='ltr'><strong>honorem</strong></span> 
     </span>
     <span class='ocr_line' id='line_1_16' title="bbox 88 1518 1096 1602; baseline -0.005 -20"><span class='ocrx_word' id='word_1_108' title='bbox 88 1540 187 1583; x_wconf 89' lang='lat' dir='ltr'><strong>onere</strong></span> <span class='ocrx_word' id='word_1_109' title='bbox 209 1540 354 1602; x_wconf 87' lang='lat' dir='ltr'><strong>pensare.</strong></span> <span class='ocrx_word' id='word_1_110' title='bbox 400 1521 528 1581; x_wconf 83' lang='lat' dir='ltr'><strong>etcum</strong></span> <span class='ocrx_word' id='word_1_111' title='bbox 555 1540 606 1581; x_wconf 88' lang='lat' dir='ltr'><strong>mc</strong></span> <span class='ocrx_word' id='word_1_112' title='bbox 628 1518 797 1600; x_wconf 87' lang='lat' dir='ltr'><strong>praetoriis</strong></span> <span class='ocrx_word' id='word_1_113' title='bbox 819 1518 1004 1601; x_wconf 83' lang='lat' dir='ltr'><strong>praefecisti</strong></span> <span class='ocrx_word' id='word_1_114' title='bbox 1026 1521 1096 1582; x_wconf 75' lang='lat' dir='ltr'><strong>etus</strong></span> 
     </span>
     <span class='ocr_line' id='line_1_17' title="bbox 86 1601 1058 1687; baseline -0.001 -21"><span class='ocrx_word' id='word_1_115' title='bbox 86 1603 273 1687; x_wconf 82' lang='lat' dir='ltr'><strong>prouincias</strong></span> <span class='ocrx_word' id='word_1_116' title='bbox 296 1603 335 1666; x_wconf 93' lang='lat' dir='ltr'><strong>de</strong></span> <span class='ocrx_word' id='word_1_117' title='bbox 357 1606 389 1666; x_wconf 89' lang='lat' dir='ltr'><strong>te</strong></span> <span class='ocrx_word' id='word_1_118' title='bbox 412 1601 540 1687; x_wconf 85' lang='lat' dir='ltr'><strong>egregie</strong></span> <span class='ocrx_word' id='word_1_119' title='bbox 566 1603 697 1666; x_wconf 86' lang='lat' dir='ltr'><strong>meritas</strong></span> <span class='ocrx_word' id='word_1_120' title='bbox 720 1624 808 1666; x_wconf 88' lang='lat' dir='ltr'><strong>meae</strong></span> <span class='ocrx_word' id='word_1_121' title='bbox 830 1602 903 1666; x_wconf 89' lang='lat' dir='ltr'><strong>fidei</strong></span> <span class='ocrx_word' id='word_1_122' title='bbox 925 1603 1058 1666; x_wconf 88' lang='lat' dir='ltr'><strong>tutelae·</strong></span> 
     </span>
     <span class='ocr_line' id='line_1_18' title="bbox 88 1686 1060 1771; baseline -0.001 -20"><span class='ocrx_word' id='word_1_123' title='bbox 88 1709 152 1770; x_wconf 92' lang='lat' dir='ltr'><strong>que</strong></span> <span class='ocrx_word' id='word_1_124' title='bbox 174 1686 345 1768; x_wconf 88' lang='lat' dir='ltr'><strong>mandasti,</strong></span> <span class='ocrx_word' id='word_1_125' title='bbox 369 1688 485 1771; x_wconf 89' lang='lat' dir='ltr'><strong>ingens</strong></span> <span class='ocrx_word' id='word_1_126' title='bbox 507 1686 617 1749; x_wconf 90' lang='lat' dir='ltr'><strong>iudicii</strong></span> <span class='ocrx_word' id='word_1_127' title='bbox 639 1687 687 1751; x_wconf 92' lang='lat' dir='ltr'><strong>tui</strong></span> <span class='ocrx_word' id='word_1_128' title='bbox 708 1686 772 1750; x_wconf 88' lang='lat' dir='ltr'><strong>fuit</strong></span> <span class='ocrx_word' id='word_1_129' title='bbox 793 1708 920 1767; x_wconf 89' lang='lat' dir='ltr'><strong>munus,</strong></span> <span class='ocrx_word' id='word_1_130' title='bbox 947 1686 1060 1751; x_wconf 89' lang='lat' dir='ltr'><strong>sedin</strong></span> 
     </span>
     <span class='ocr_line' id='line_1_19' title="bbox 87 1771 1059 1855; baseline 0 -19"><span class='ocrx_word' id='word_1_131' title='bbox 87 1792 128 1836; x_wconf 90' lang='lat' dir='ltr'><strong>eo</strong></span> <span class='ocrx_word' id='word_1_132' title='bbox 149 1793 216 1836; x_wconf 90' lang='lat' dir='ltr'><strong>non</strong></span> <span class='ocrx_word' id='word_1_133' title='bbox 236 1771 315 1835; x_wconf 88' lang='lat' dir='ltr'><strong>mihi</strong></span> <span class='ocrx_word' id='word_1_134' title='bbox 332 1772 437 1835; x_wconf 89' lang='lat' dir='ltr'><strong>solum</strong></span> <span class='ocrx_word' id='word_1_135' title='bbox 452 1792 547 1853; x_wconf 86' lang='lat' dir='ltr'><strong>quem</strong></span> <span class='ocrx_word' id='word_1_136' title='bbox 561 1773 655 1835; x_wconf 88' lang='lat' dir='ltr'><strong>tanta</strong></span> <span class='ocrx_word' id='word_1_137' title='bbox 669 1775 829 1855; x_wconf 87' lang='lat' dir='ltr'><strong>potestate</strong></span> <span class='ocrx_word' id='word_1_138' title='bbox 846 1772 1059 1855; x_wconf 83' lang='lat' dir='ltr'><strong>succinxeras,</strong></span> 
     </span>
     <span class='ocr_line' id='line_1_20' title="bbox 86 1856 1058 1941; baseline 0.001 -22"><span class='ocrx_word' id='word_1_139' title='bbox 86 1877 202 1919; x_wconf 91' lang='lat' dir='ltr'><strong>uerum</strong></span> <span class='ocrx_word' id='word_1_140' title='bbox 230 1856 328 1919; x_wconf 84' lang='lat' dir='ltr'><strong>etiam</strong></span> <span class='ocrx_word' id='word_1_141' title='bbox 357 1856 496 1940; x_wconf 85' lang='lat' dir='ltr'><strong>negotiis</strong></span> <span class='ocrx_word' id='word_1_142' title='bbox 521 1856 585 1919; x_wconf 86' lang='lat' dir='ltr'><strong>tuis</strong></span> <span class='ocrx_word' id='word_1_143' title='bbox 616 1857 831 1921; x_wconf 89' lang='lat' dir='ltr'><strong>commodasse</strong></span> <span class='ocrx_word' id='word_1_144' title='bbox 858 1858 1058 1941; x_wconf 88' lang='lat' dir='ltr'><strong>aliquatenus</strong></span> 
     </span>
     <span class='ocr_line' id='line_1_21' title="bbox 87 1940 1098 2004; baseline -0.006 -1"><span class='ocrx_word' id='word_1_145' title='bbox 87 1940 250 2004; x_wconf 86' lang='lat' dir='ltr'><strong>uidebare.</strong></span> <span class='ocrx_word' id='word_1_146' title='bbox 1071 1958 1098 1997; x_wconf 80' lang='lat' dir='ltr'><strong>ao</strong></span> 
     </span>
     <span class='ocr_line' id='line_1_22' title="bbox 153 2023 1058 2089; baseline -0.001 -1"><span class='ocrx_word' id='word_1_147' title='bbox 153 2023 194 2088; x_wconf 90' lang='lat' dir='ltr'><strong>H.</strong></span> <span class='ocrx_word' id='word_1_148' title='bbox 230 2024 329 2088; x_wconf 86' lang='lat' dir='ltr'><strong>Porro</strong></span> <span class='ocrx_word' id='word_1_149' title='bbox 352 2024 387 2087; x_wconf 91' lang='lat' dir='ltr'><strong>in</strong></span> <span class='ocrx_word' id='word_1_150' title='bbox 409 2024 607 2088; x_wconf 89' lang='lat' dir='ltr'><strong>decernendo</strong></span> <span class='ocrx_word' id='word_1_151' title='bbox 631 2026 800 2088; x_wconf 88' lang='lat' dir='ltr'><strong>consulatu</strong></span> <span class='ocrx_word' id='word_1_152' title='bbox 821 2025 951 2089; x_wconf 84' lang='lat' dir='ltr'><strong>remotis</strong></span> <span class='ocrx_word' id='word_1_153' title='bbox 973 2025 1058 2087; x_wconf 92' lang='lat' dir='ltr'><strong>utili-</strong></span> 
     </span>
     <span class='ocr_line' id='line_1_23' title="bbox 87 2108 1058 2192; baseline -0.001 -19"><span class='ocrx_word' id='word_1_154' title='bbox 87 2108 211 2173; x_wconf 86' lang='lat' dir='ltr'><strong>tatibus</strong></span> <span class='ocrx_word' id='word_1_155' title='bbox 225 2109 289 2171; x_wconf 92' lang='lat' dir='ltr'><strong>tuis</strong></span> <span class='ocrx_word' id='word_1_156' title='bbox 312 2109 472 2172; x_wconf 90' lang='lat' dir='ltr'><strong>rationem</strong></span> <span class='ocrx_word' id='word_1_157' title='bbox 493 2130 584 2171; x_wconf 89' lang='lat' dir='ltr'><strong>meae</strong></span> <span class='ocrx_word' id='word_1_158' title='bbox 606 2109 708 2171; x_wconf 89' lang='lat' dir='ltr'><strong>solum</strong></span> <span class='ocrx_word' id='word_1_159' title='bbox 724 2108 891 2192; x_wconf 86' lang='lat' dir='ltr'><strong>dignitatis</strong></span> <span class='ocrx_word' id='word_1_160' title='bbox 906 2108 1058 2173; x_wconf 89' lang='lat' dir='ltr'><strong>habuisti.</strong></span> 
     </span>
     <span class='ocr_line' id='line_1_24' title="bbox 88 2191 1057 2275; baseline -0.001 -19"><span class='ocrx_word' id='word_1_161' title='bbox 88 2215 167 2257; x_wconf 89' lang='lat' dir='ltr'><strong>nam</strong></span> <span class='ocrx_word' id='word_1_162' title='bbox 193 2193 228 2256; x_wconf 92' lang='lat' dir='ltr'><strong>in</strong></span> <span class='ocrx_word' id='word_1_163' title='bbox 250 2192 583 2257; x_wconf 86' lang='lat' dir='ltr'><strong>administrationibus</strong></span> <span class='ocrx_word' id='word_1_164' title='bbox 605 2192 695 2255; x_wconf 87' lang='lat' dir='ltr'><strong>labos</strong></span> <span class='ocrx_word' id='word_1_165' title='bbox 717 2191 833 2256; x_wconf 91' lang='lat' dir='ltr'><strong>honori</strong></span> <span class='ocrx_word' id='word_1_166' title='bbox 861 2191 1057 2275; x_wconf 89' lang='lat' dir='ltr'><strong>adiungitur,</strong></span> 
     </span>
     <span class='ocr_line' id='line_1_25' title="bbox 87 2275 1059 2358; baseline -0.002 -17"><span class='ocrx_word' id='word_1_167' title='bbox 87 2279 125 2341; x_wconf 90' lang='lat' dir='ltr'><strong>in</strong></span> <span class='ocrx_word' id='word_1_168' title='bbox 152 2277 322 2341; x_wconf 89' lang='lat' dir='ltr'><strong>consulatu</strong></span> <span class='ocrx_word' id='word_1_169' title='bbox 348 2276 449 2341; x_wconf 92' lang='lat' dir='ltr'><strong>honos</strong></span> <span class='ocrx_word' id='word_1_170' title='bbox 477 2277 547 2340; x_wconf 91' lang='lat' dir='ltr'><strong>sine</strong></span> <span class='ocrx_word' id='word_1_171' title='bbox 569 2277 677 2340; x_wconf 87' lang='lat' dir='ltr'><strong>labore</strong></span> <span class='ocrx_word' id='word_1_172' title='bbox 705 2275 888 2358; x_wconf 88' lang='lat' dir='ltr'><strong>suscipitur.</strong></span> <span class='ocrx_word' id='word_1_173' title='bbox 933 2277 967 2338; x_wconf 92' lang='lat' dir='ltr'><strong>in</strong></span> <span class='ocrx_word' id='word_1_174' title='bbox 994 2275 1059 2339; x_wconf 91' lang='lat' dir='ltr'><strong>illis</strong></span> 
     </span>
     <span class='ocr_line' id='line_1_26' title="bbox 88 2359 1097 2445; baseline -0.001 -20"><span class='ocrx_word' id='word_1_175' title='bbox 88 2362 118 2426; x_wconf 92' lang='lat' dir='ltr'><strong>si</strong></span> <span class='ocrx_word' id='word_1_176' title='bbox 140 2361 270 2425; x_wconf 88' lang='lat' dir='ltr'><strong>laeteris</strong></span> <span class='ocrx_word' id='word_1_177' title='bbox 298 2360 432 2445; x_wconf 88' lang='lat' dir='ltr'><strong>cupidae</strong></span> <span class='ocrx_word' id='word_1_178' title='bbox 456 2361 639 2425; x_wconf 90' lang='lat' dir='ltr'><strong>ambitionis</strong></span> <span class='ocrx_word' id='word_1_179' title='bbox 668 2382 736 2424; x_wconf 86' lang='lat' dir='ltr'><strong>esse</strong></span> <span class='ocrx_word' id='word_1_180' title='bbox 757 2360 912 2441; x_wconf 75' lang='lat' dir='ltr'><strong>uideatis,</strong></span> <span class='ocrx_word' id='word_1_181' title='bbox 941 2360 975 2422; x_wconf 93' lang='lat' dir='ltr'><strong>in</strong></span> <span class='ocrx_word' id='word_1_182' title='bbox 997 2359 1058 2424; x_wconf 89' lang='lat' dir='ltr'><strong>hoc</strong></span> <span class='ocrx_word' id='word_1_183' title='bbox 1072 2376 1097 2418; x_wconf 73' lang='lat'><strong>²5</strong></span> 
     </span>
     <span class='ocr_line' id='line_1_27' title="bbox 87 2443 1058 2529; baseline -0.001 -19"><span class='ocrx_word' id='word_1_184' title='bbox 87 2445 151 2511; x_wconf 89' lang='lat' dir='ltr'><strong>nisi</strong></span> <span class='ocrx_word' id='word_1_185' title='bbox 180 2448 290 2529; x_wconf 88' lang='lat' dir='ltr'><strong>aperte</strong></span> <span class='ocrx_word' id='word_1_186' title='bbox 318 2452 350 2510; x_wconf 88' lang='lat' dir='ltr'><strong>et</strong></span> <span class='ocrx_word' id='word_1_187' title='bbox 372 2447 540 2529; x_wconf 87' lang='lat' dir='ltr'><strong>propalam</strong></span> <span class='ocrx_word' id='word_1_188' title='bbox 568 2445 696 2509; x_wconf 88' lang='lat' dir='ltr'><strong>laeteris</strong></span> <span class='ocrx_word' id='word_1_189' title='bbox 724 2446 869 2529; x_wconf 88' lang='lat' dir='ltr'><strong>ingratus</strong></span> <span class='ocrx_word' id='word_1_190' title='bbox 897 2444 951 2509; x_wconf 85' lang='lat' dir='ltr'><strong>sis.</strong></span> <span class='ocrx_word' id='word_1_191' title='bbox 996 2443 1058 2509; x_wconf 87' lang='lat' dir='ltr'><strong>huc</strong></span> 
     </span>
     <span class='ocr_line' id='line_1_28' title="bbox 88 2529 1058 2615; baseline -0.002 -20"><span class='ocrx_word' id='word_1_192' title='bbox 88 2529 213 2595; x_wconf 88' lang='lat' dir='ltr'><strong>accedit</strong></span> <span class='ocrx_word' id='word_1_193' title='bbox 239 2530 322 2612; x_wconf 94' lang='lat' dir='ltr'><strong>quod</strong></span> <span class='ocrx_word' id='word_1_194' title='bbox 351 2530 421 2615; x_wconf 87' lang='lat' dir='ltr'><strong>ipsa</strong></span> <span class='ocrx_word' id='word_1_195' title='bbox 447 2529 527 2594; x_wconf 88' lang='lat' dir='ltr'><strong>haec</strong></span> <span class='ocrx_word' id='word_1_196' title='bbox 555 2530 630 2594; x_wconf 87' lang='lat' dir='ltr'><strong>urbs</strong></span> <span class='ocrx_word' id='word_1_197' title='bbox 657 2534 752 2613; x_wconf 86' lang='lat' dir='ltr'><strong>atque</strong></span> <span class='ocrx_word' id='word_1_198' title='bbox 781 2529 842 2594; x_wconf 90' lang='lat' dir='ltr'><strong>hoc</strong></span> <span class='ocrx_word' id='word_1_199' title='bbox 870 2529 1058 2613; x_wconf 87' lang='lat' dir='ltr'><strong>augustissi-</strong></span> 
     </span>
     <span class='ocr_line' id='line_1_29' title="bbox 87 2614 1059 2698; baseline -0.001 -19"><span class='ocrx_word' id='word_1_200' title='bbox 87 2636 178 2679; x_wconf 88' lang='lat' dir='ltr'><strong>mum</strong></span> <span class='ocrx_word' id='word_1_201' title='bbox 201 2615 326 2678; x_wconf 90' lang='lat' dir='ltr'><strong>consilii</strong></span> <span class='ocrx_word' id='word_1_202' title='bbox 347 2614 469 2698; x_wconf 88' lang='lat' dir='ltr'><strong>publici</strong></span> <span class='ocrx_word' id='word_1_203' title='bbox 489 2617 646 2698; x_wconf 89' lang='lat' dir='ltr'><strong>templum</strong></span> <span class='ocrx_word' id='word_1_204' title='bbox 667 2614 809 2679; x_wconf 90' lang='lat' dir='ltr'><strong>officium</strong></span> <span class='ocrx_word' id='word_1_205' title='bbox 826 2614 919 2678; x_wconf 90' lang='lat' dir='ltr'><strong>huius</strong></span> <span class='ocrx_word' id='word_1_206' title='bbox 942 2614 1059 2678; x_wconf 88' lang='lat' dir='ltr'><strong>oratio·</strong></span> 
     </span>
     <span class='ocr_line' id='line_1_30' title="bbox 88 2697 1058 2783; baseline -0.002 -20"><span class='ocrx_word' id='word_1_207' title='bbox 88 2699 141 2763; x_wconf 88' lang='lat' dir='ltr'><strong>nis</strong></span> <span class='ocrx_word' id='word_1_208' title='bbox 165 2697 355 2783; x_wconf 87' lang='lat' dir='ltr'><strong>efflagitant.</strong></span> <span class='ocrx_word' id='word_1_209' title='bbox 383 2698 463 2762; x_wconf 88' lang='lat' dir='ltr'><strong>haec</strong></span> <span class='ocrx_word' id='word_1_210' title='bbox 478 2700 538 2762; x_wconf 93' lang='lat' dir='ltr'><strong>tibi</strong></span> <span class='ocrx_word' id='word_1_211' title='bbox 557 2700 696 2763; x_wconf 90' lang='lat' dir='ltr'><strong>nominis</strong></span> <span class='ocrx_word' id='word_1_212' title='bbox 719 2700 807 2781; x_wconf 88' lang='lat' dir='ltr'><strong>noui,</strong></span> <span class='ocrx_word' id='word_1_213' title='bbox 832 2699 886 2763; x_wconf 88' lang='lat' dir='ltr'><strong>sed</strong></span> <span class='ocrx_word' id='word_1_214' title='bbox 902 2699 1058 2781; x_wconf 89' lang='lat' dir='ltr'><strong>antiquis·</strong></span> 
     </span>
     <span class='ocr_line' id='line_1_31' title="bbox 89 2782 1097 2866; baseline -0.006 -20"><span class='ocrx_word' id='word_1_215' title='bbox 89 2782 189 2847; x_wconf 90' lang='lat' dir='ltr'><strong>simae</strong></span> <span class='ocrx_word' id='word_1_216' title='bbox 221 2783 398 2846; x_wconf 87' lang='lat' dir='ltr'><strong>nobilitatis</strong></span> <span class='ocrx_word' id='word_1_217' title='bbox 437 2783 549 2847; x_wconf 86' lang='lat' dir='ltr'><strong>ciuitas</strong></span> <span class='ocrx_word' id='word_1_218' title='bbox 582 2784 688 2866; x_wconf 88' lang='lat' dir='ltr'><strong>patria</strong></span> <span class='ocrx_word' id='word_1_219' title='bbox 721 2787 787 2847; x_wconf 90' lang='lat' dir='ltr'><strong>est:</strong></span> <span class='ocrx_word' id='word_1_220' title='bbox 832 2782 885 2846; x_wconf 89' lang='lat' dir='ltr'><strong>hic</strong></span> <span class='ocrx_word' id='word_1_221' title='bbox 918 2783 1057 2866; x_wconf 87' lang='lat' dir='ltr'><strong>primum</strong></span> <span class='ocrx_word' id='word_1_222' title='bbox 1071 2800 1097 2839; x_wconf 82' lang='lat' dir='ltr'><strong>so</strong></span> 
     </span>
     <span class='ocr_line' id='line_1_32' title="bbox 89 2866 1058 2950; baseline -0.002 -20"><span class='ocrx_word' id='word_1_223' title='bbox 89 2866 209 2950; x_wconf 87' lang='lat' dir='ltr'><strong>editus,</strong></span> <span class='ocrx_word' id='word_1_224' title='bbox 237 2866 290 2931; x_wconf 92' lang='lat' dir='ltr'><strong>hic</strong></span> <span class='ocrx_word' id='word_1_225' title='bbox 318 2868 408 2950; x_wconf 89' lang='lat' dir='ltr'><strong>quasi</strong></span> <span class='ocrx_word' id='word_1_226' title='bbox 431 2867 590 2949; x_wconf 91' lang='lat' dir='ltr'><strong>quoddam</strong></span> <span class='ocrx_word' id='word_1_227' title='bbox 618 2867 758 2930; x_wconf 88' lang='lat' dir='ltr'><strong>salutare</strong></span> <span class='ocrx_word' id='word_1_228' title='bbox 781 2867 921 2929; x_wconf 88' lang='lat' dir='ltr'><strong>humano</strong></span> <span class='ocrx_word' id='word_1_229' title='bbox 946 2867 1058 2949; x_wconf 90' lang='lat' dir='ltr'><strong>generi</strong></span> 
     </span>
    </p>
   </div>
   <div class='ocr_carea' id='block_1_4' title="bbox 87 3104 1063 3576">
    <p class='ocr_par' dir='ltr' id='par_1_4' title="bbox 87 3104 1063 3576">
     <span class='ocr_line' id='line_1_33' title="bbox 157 3104 1059 3171; baseline -0.002 -16"><span class='ocrx_word' id='word_1_230' title='bbox 157 3108 173 3155; x_wconf 81' lang='lat'>2</span> <span class='ocrx_word' id='word_1_231' title='bbox 192 3120 259 3170; x_wconf 82' lang='lat' dir='ltr'><strong>crgo</strong></span> <span class='ocrx_word' id='word_1_232' title='bbox 277 3107 381 3156; x_wconf 77' lang='lat' dir='ltr'><strong>addidi:</strong></span> <span class='ocrx_word' id='word_1_233' title='bbox 399 3122 446 3156; x_wconf 87' lang='lat' dir='ltr'><strong>om.</strong></span> <span class='ocrx_word' id='word_1_234' title='bbox 458 3104 504 3171; x_wconf 56' lang='lat' dir='ltr'><strong>¹‚l</strong></span> <span class='ocrx_word' id='word_1_235' title='bbox 520 3105 612 3157; x_wconf 84' lang='lat' dir='ltr'><strong>officio</strong></span> <span class='ocrx_word' id='word_1_236' title='bbox 629 3121 689 3156; x_wconf 89' lang='lat' dir='ltr'><strong>meo</strong></span> <span class='ocrx_word' id='word_1_237' title='bbox 707 3122 768 3170; x_wconf 75' lang='lat' dir='ltr'><strong>epo:</strong></span> <span class='ocrx_word' id='word_1_238' title='bbox 787 3104 907 3155; x_wconf 83' lang='lat' dir='ltr'><strong>officium</strong></span> <span class='ocrx_word' id='word_1_239' title='bbox 925 3121 1013 3155; x_wconf 90' lang='lat' dir='ltr'><strong>meum</strong></span> <span class='ocrx_word' id='word_1_240' title='bbox 1031 3107 1059 3153; x_wconf 72' lang='grc' dir='ltr'>Η</span> 
     </span>
     <span class='ocr_line' id='line_1_34' title="bbox 89 3171 1058 3238; baseline 0.001 -16"><span class='ocrx_word' id='word_1_241' title='bbox 89 3172 267 3236; x_wconf 86' lang='lat' dir='ltr'><strong>officiumque</strong></span> <span class='ocrx_word' id='word_1_242' title='bbox 285 3189 372 3224; x_wconf 90' lang='lat' dir='ltr'><strong>meum</strong></span> <span class='ocrx_word' id='word_1_243' title='bbox 391 3175 449 3226; x_wconf 83' lang='lat' dir='ltr'><strong>edd.</strong></span> <span class='ocrx_word' id='word_1_244' title='bbox 468 3171 478 3238; x_wconf 87' lang='grc' dir='ltr'><strong>ΙΙ</strong></span> <span class='ocrx_word' id='word_1_245' title='bbox 499 3177 516 3224; x_wconf 84' lang='grc'>4</span> <span class='ocrx_word' id='word_1_246' title='bbox 533 3174 696 3224; x_wconf 87' lang='lat' dir='ltr'><strong>honestaras</strong></span> <span class='ocrx_word' id='word_1_247' title='bbox 713 3176 736 3222; x_wconf 80' lang='grc' dir='ltr'><strong>Δ</strong></span> <span class='ocrx_word' id='word_1_248' title='bbox 748 3175 781 3221; x_wconf 84' lang='lat' dir='ltr'>W</span> <span class='ocrx_word' id='word_1_249' title='bbox 793 3173 882 3224; x_wconf 72' lang='lat' dir='ltr'><strong>Bern:</strong></span> <span class='ocrx_word' id='word_1_250' title='bbox 901 3173 1058 3223; x_wconf 85' lang='lat' dir='ltr'><strong>honestaris</strong></span> 
     </span>
     <span class='ocr_line' id='line_1_35' title="bbox 87 3238 1063 3307; baseline 0.001 -19"><span class='ocrx_word' id='word_1_251' title='bbox 87 3241 109 3289; x_wconf 79' lang='lat' dir='ltr'>B</span> <span class='ocrx_word' id='word_1_252' title='bbox 127 3242 145 3288; x_wconf 99' lang='grc'><strong>0</strong></span> <span class='ocrx_word' id='word_1_253' title='bbox 163 3238 211 3305; x_wconf 69' lang='lat' dir='ltr'><strong>Vl</strong></span> <span class='ocrx_word' id='word_1_254' title='bbox 233 3242 249 3290; x_wconf 80' lang='lat'>5</span> <span class='ocrx_word' id='word_1_255' title='bbox 268 3256 330 3291; x_wconf 88' lang='lat' dir='ltr'><strong>cum</strong></span> <span class='ocrx_word' id='word_1_256' title='bbox 346 3242 381 3289; x_wconf 78' lang='lat' dir='ltr'><strong>A:</strong></span> <span class='ocrx_word' id='word_1_257' title='bbox 400 3245 457 3290; x_wconf 87' lang='lat' dir='ltr'><strong>tum</strong></span> <span class='ocrx_word' id='word_1_258' title='bbox 474 3249 533 3291; x_wconf 75' lang='lat' dir='ltr'><strong>cett.</strong></span> <span class='ocrx_word' id='word_1_259' title='bbox 551 3240 562 3306; x_wconf 75' lang='lat' dir='ltr'><strong>ll</strong></span> <span class='ocrx_word' id='word_1_260' title='bbox 583 3244 599 3291; x_wconf 89' lang='grc'><strong>6</strong></span> <span class='ocrx_word' id='word_1_261' title='bbox 618 3256 750 3307; x_wconf 83' lang='lat' dir='ltr'><strong>quaerens</strong></span> <span class='ocrx_word' id='word_1_262' title='bbox 768 3243 899 3305; x_wconf 76' lang='lat' dir='ltr'><strong>Hauptiac</strong></span> <span class='ocrx_word' id='word_1_263' title='bbox 910 3242 999 3291; x_wconf 86' lang='lat' dir='ltr'><strong>Herm.</strong></span> <span class='ocrx_word' id='word_1_264' title='bbox 1013 3240 1063 3289; x_wconf 88' lang='lat' dir='ltr'><strong>IV</strong></span> 
     </span>
     <span class='ocr_line' id='line_1_36' title="bbox 87 3306 1059 3373; baseline -0.001 -16"><span class='ocrx_word' id='word_1_265' title='bbox 87 3324 114 3373; x_wconf 83' lang='lat' dir='ltr'><strong>p.</strong></span> <span class='ocrx_word' id='word_1_266' title='bbox 133 3311 199 3359; x_wconf 80' lang='lat'><em>152:</em></span> <span class='ocrx_word' id='word_1_267' title='bbox 218 3322 360 3372; x_wconf 86' lang='lat' dir='ltr'><strong>quaereres</strong></span> <span class='ocrx_word' id='word_1_268' title='bbox 377 3309 404 3356; x_wconf 77' lang='lat'>1</span> <span class='ocrx_word' id='word_1_269' title='bbox 420 3306 431 3373; x_wconf 85' lang='grc' dir='ltr'><strong>ΙΙ</strong></span> <span class='ocrx_word' id='word_1_270' title='bbox 454 3310 486 3358; x_wconf 85' lang='grc'><strong>10</strong></span> <span class='ocrx_word' id='word_1_271' title='bbox 503 3310 606 3373; x_wconf 87' lang='lat' dir='ltr'><strong>partim</strong></span> <span class='ocrx_word' id='word_1_272' title='bbox 624 3308 752 3373; x_wconf 86' lang='lat' dir='ltr'><strong>depraed.</strong></span> <span class='ocrx_word' id='word_1_273' title='bbox 771 3308 847 3358; x_wconf 88' lang='lat' dir='ltr'><strong>barb.</strong></span> <span class='ocrx_word' id='word_1_274' title='bbox 867 3325 912 3360; x_wconf 80' lang='lat' dir='ltr'><strong>ona</strong></span> <span class='ocrx_word' id='word_1_275' title='bbox 931 3310 948 3356; x_wconf 91' lang='grc'><strong>0</strong></span> <span class='ocrx_word' id='word_1_276' title='bbox 967 3307 1059 3371; x_wconf 77' lang='lat' dir='ltr'><strong>depdi·</strong></span> 
     </span>
     <span class='ocr_line' id='line_1_37' title="bbox 89 3372 1059 3442; baseline -0.002 -18"><span class='ocrx_word' id='word_1_277' title='bbox 89 3374 200 3425; x_wconf 84' lang='lat' dir='ltr'><strong>catione</strong></span> <span class='ocrx_word' id='word_1_278' title='bbox 218 3378 241 3424; x_wconf 78' lang='lat' dir='ltr'>A</span> <span class='ocrx_word' id='word_1_279' title='bbox 265 3372 275 3442; x_wconf 78' lang='grc' dir='ltr'><strong>ΙΙ</strong></span> <span class='ocrx_word' id='word_1_280' title='bbox 302 3378 334 3426; x_wconf 79' lang='lat'><strong>15</strong></span> <span class='ocrx_word' id='word_1_281' title='bbox 353 3391 424 3436; x_wconf 76' lang='lat' dir='ltr'><strong>cum3</strong></span> <span class='ocrx_word' id='word_1_282' title='bbox 443 3378 523 3426; x_wconf 83' lang='lat' dir='ltr'><strong>malim</strong></span> <span class='ocrx_word' id='word_1_283' title='bbox 542 3377 613 3442; x_wconf 88' lang='lat' dir='ltr'><strong>quod</strong></span> <span class='ocrx_word' id='word_1_284' title='bbox 636 3374 646 3441; x_wconf 91' lang='grc' dir='ltr'><strong>ΙΙ</strong></span> <span class='ocrx_word' id='word_1_285' title='bbox 677 3379 708 3427; x_wconf 86' lang='grc'><strong>19</strong></span> <span class='ocrx_word' id='word_1_286' title='bbox 728 3374 822 3440; x_wconf 85' lang='lat' dir='ltr'><strong>etiam]</strong></span> <span class='ocrx_word' id='word_1_287' title='bbox 841 3382 868 3426; x_wconf 85' lang='lat' dir='ltr'><strong>et</strong></span> <span class='ocrx_word' id='word_1_288' title='bbox 885 3377 905 3424; x_wconf 84' lang='lat' dir='ltr'>B</span> <span class='ocrx_word' id='word_1_289' title='bbox 924 3377 941 3423; x_wconf 94' lang='grc'><strong>0</strong></span> <span class='ocrx_word' id='word_1_290' title='bbox 961 3373 965 3436; x_wconf 93' lang='grc' dir='ltr'>Ι</span> <span class='ocrx_word' id='word_1_291' title='bbox 986 3389 1059 3423; x_wconf 90' lang='lat' dir='ltr'><strong>com-</strong></span> 
     </span>
     <span class='ocr_line' id='line_1_38' title="bbox 88 3441 1059 3509; baseline -0.004 -17"><span class='ocrx_word' id='word_1_292' title='bbox 88 3442 230 3494; x_wconf 86' lang='lat' dir='ltr'><strong>mendasse</strong></span> <span class='ocrx_word' id='word_1_293' title='bbox 241 3445 277 3501; x_wconf 74' lang='grc' dir='ltr'><strong>Π,</strong></span> <span class='ocrx_word' id='word_1_294' title='bbox 295 3460 363 3494; x_wconf 83' lang='lat' dir='ltr'><strong>corr.</strong></span> <span class='ocrx_word' id='word_1_295' title='bbox 379 3443 514 3493; x_wconf 73' lang='lat' dir='ltr'><strong>Rhenanus</strong></span> <span class='ocrx_word' id='word_1_296' title='bbox 527 3441 537 3509; x_wconf 76' lang='lat' dir='ltr'><strong>ll</strong></span> <span class='ocrx_word' id='word_1_297' title='bbox 550 3447 583 3495; x_wconf 79' lang='grc'><strong>’23</strong></span> <span class='ocrx_word' id='word_1_298' title='bbox 601 3444 681 3494; x_wconf 84' lang='lat' dir='ltr'><strong>labos</strong></span> <span class='ocrx_word' id='word_1_299' title='bbox 693 3443 715 3491; x_wconf 86' lang='grc' dir='ltr'><strong>Δ</strong></span> <span class='ocrx_word' id='word_1_300' title='bbox 727 3443 818 3494; x_wconf 74' lang='lat' dir='ltr'><strong>Bert:</strong></span> <span class='ocrx_word' id='word_1_301' title='bbox 838 3444 916 3494; x_wconf 86' lang='lat' dir='ltr'><strong>labor</strong></span> <span class='ocrx_word' id='word_1_302' title='bbox 927 3443 948 3490; x_wconf 82' lang='lat' dir='ltr'>B</span> <span class='ocrx_word' id='word_1_303' title='bbox 961 3444 978 3490; x_wconf 95' lang='grc'><strong>0</strong></span> <span class='ocrx_word' id='word_1_304' title='bbox 991 3443 1013 3489; x_wconf 83' lang='lat' dir='ltr'>V</span> <span class='ocrx_word' id='word_1_305' title='bbox 1025 3441 1059 3488; x_wconf 84' lang='lat' dir='ltr'>W</span> 
     </span>
     <span class='ocr_line' id='line_1_39' title="bbox 87 3506 788 3576; baseline -0.006 -15"><span class='ocrx_word' id='word_1_306' title='bbox 87 3506 98 3576; x_wconf 94' lang='grc' dir='ltr'><strong>ΙΙ</strong></span> <span class='ocrx_word' id='word_1_307' title='bbox 115 3512 149 3561; x_wconf 80' lang='grc'><strong>24</strong></span> <span class='ocrx_word' id='word_1_308' title='bbox 164 3512 247 3561; x_wconf 81' lang='lat' dir='ltr'><strong>malim</strong></span> <span class='ocrx_word' id='word_1_309' title='bbox 265 3512 342 3561; x_wconf 83' lang='lat' dir='ltr'><strong>utin</strong></span> <span class='ocrx_word' id='word_1_310' title='bbox 361 3509 419 3561; x_wconf 86' lang='lat' dir='ltr'><strong>illis</strong></span> <span class='ocrx_word' id='word_1_311' title='bbox 439 3508 450 3575; x_wconf 93' lang='lat' dir='ltr'><strong>l</strong></span> <span class='ocrx_word' id='word_1_312' title='bbox 470 3513 504 3563; x_wconf 81' lang='lat'><strong>29</strong></span> <span class='ocrx_word' id='word_1_313' title='bbox 522 3511 660 3574; x_wconf 78' lang='lat' dir='ltr'><strong>efflagitat</strong></span> <span class='ocrx_word' id='word_1_314' title='bbox 677 3512 697 3559; x_wconf 83' lang='lat' dir='ltr'>B</span> <span class='ocrx_word' id='word_1_315' title='bbox 716 3511 738 3557; x_wconf 84' lang='lat' dir='ltr'>V</span> <span class='ocrx_word' id='word_1_316' title='bbox 754 3512 788 3558; x_wconf 82' lang='lat' dir='ltr'>W</span> 
     </span>
    </p>
   </div>
   <div class='ocr_carea' id='block_1_5' title="bbox 0 0 1152 3780">
    <p class='ocr_par' dir='ltr' id='par_1_5' title="bbox 0 0 1152 3780">
     <span class='ocr_line' id='line_1_40' title="bbox 0 0 1152 3780; baseline 0 0"><span class='ocrx_word' id='word_1_317' title='bbox 0 0 1152 3780; x_wconf 95' lang='lat' dir='ltr'><strong> </strong></span> 
     </span>
    </p>
   </div>
  </div>
 </body>
</html>
