2294 3780
113 185 177 249 244
456 185 504 235 xr.
530 183 741 235 nonnarum

115 337 289 401 ambitione
319 335 368 399 sui
396 335 555 418 gandent3
589 354 649 396 nec
677 332 792 416 aliquis
821 332 960 396 habendi
987 355 1086 417 quam

114 423 288 506 plurimum
318 422 437 500 metus,
472 418 528 482 sed
555 418 590 481 in
616 420 707 480 tanta
732 418 888 481 bonorum
916 417 1087 484 affluentia

114 527 233 590 magna
254 503 446 568 uerecundia
468 524 534 566 non
556 501 706 566 habendi.
746 501 800 566 hio
821 501 957 585 denique
980 505 1087 569 status

114 612 220 654 rernm
243 591 292 653 est
313 591 350 651 ut
371 588 565 651 obtinendae
587 588 694 670 potius
711 586 875 650 felicitatis
896 589 1007 651 uotum
1030 609 1088 672 ge-

89 695 222 738 sramus
244 694 341 756 qnam
364 672 529 819 augendae
550 670 767 755 cupiditatem.
795 692 894 734 unum
916 671 1012 734 modo
1035 677 1088 737 est

115 778 178 842 quo
194 758 263 820 fieri
284 757 386 840 possit
430 777 503 819 orna
517 755 649 838 felicior,
673 755 847 819 maximnm
865 755 1004 839 quidem,
1029 757 1088 820 sed

114 847 224 906 tamen
245 841 358 924 solum,
383 843 419 904 ut
434 839 683 905 Constantinum
704 842 962 904 conseruatorem
980 862 1087 925 suum,

115 932 152 991 ut
180 926 379 990 beatissimos
408 924 560 990 Caesares
588 925 710 1007 uideat,
742 927 779 987 ut
805 923 932 988 fruendi
960 927 1088 1008 copiam

115 1033 173 1095 pro
201 1010 349 1074 desiderii
375 1011 470 1074 modo
498 1008 619 1092 capiat,
653 1012 690 1072 ut
716 1029 775 1072 uos
804 1008 916 1072 alacris
944 1010 1089 1093 excipiat

78 1119 103 1159 10
117 1099 164 1244 31,
186 1117 260 1244 otini
283 1095 329 1158 rei
351 1095 497 1179 publicae
519 1093 601 1156 ratio
624 1093 747 1178 digredi
766 1094 894 1177 feeerit,
916 1099 1089 1176 receptura

137 1203 193 1244 rmr
224 1201 265 1244 a.

572 1773 625 1842 XI

254 1921 533 2022 OLAUDH
561 1922 953 2020 MAMERTINI

180 2088 702 2154 GRATIARUM
762 2087 1025 2152 ACTIO

82 2242 106 2280 ιε,
282 2229 332 2278 on
352 2226 572 2279 consonare
589 2226 659 2277 suo
677 2225 831 2277 IULIANO
850 2226 924 2276 rur.

182 2376 208 2438 Ι.
253 2376 325 2439 Etsi
348 2377 413 2440 scio
435 2380 484 2459 te,
512 2377 701 2459 imperator,
730 2377 761 2438 et
783 2378 914 2439 cunctos
936 2376 992 2457 qui
1015 2395 1089 2439 con·

120 2460 227 2522 silium
248 2463 339 2523 tuum
355 2461 553 2543 participant
574 2481 667 2543 posse
689 2459 799 2523 mirari
821 2458 905 2541 quod
926 2480 1013 2523 nune
1036 2460 1089 2524 de·

31 2596 38 2601 .
119 2564 207 2605 mum
229 2544 351 2626 gratias
373 2566 469 2628 agere
493 2566 621 2607 exorsus
644 2566 730 2626 sum,
760 2544 852 2626 quasi
874 2543 1030 2607 beneficia
1054 2544 1090 2607 in

119 2647 170 2689 me
193 2628 248 2689 tua
276 2629 440 2709 coeperint
463 2650 481 2690 a
504 2627 687 2691 consulatu:
724 2628 850 2691 fatebor
871 2632 981 2692 tamen
1003 2628 1090 2711 quod

81 2730 106 2768 20
120 2711 244 2795 ingenii
273 2712 361 2774 ouius
389 2733 440 2775 me
462 2712 608 2795 poenitet
635 2713 779 2776 conscius
808 2712 905 2776 etiam
931 2733 1019 2776 nunc
1041 2715 1090 2787 ra-

121 2816 192 2860 cere
219 2796 391 2860 noluissem
423 2800 455 2860 et
481 2817 693 2880 prorumpens
721 2796 797 2860 licet
823 2796 917 2860 huius
946 2798 1090 2861 muneris

120 2881 271 2963 gaudium
293 2881 378 2944 intra
401 2903 535 2945 arcanae
558 2881 699 2945 laetitiae
727 2881 957 2945 conscientiam
979 2880 1090 2945 coher-

122 2986 201 3028 cere.
239 2965 293 3028 sed
316 2965 383 3028 siue
406 2987 545 3030 errorem
567 2969 711 3028 nostrum
734 2965 801 3028 siue
825 2965 992 3029 consilium
1016 2986 1091 3029 eon-

120 3052 213 3132 gesta
235 3052 267 3111 et
282 3053 468 3113 coaceruata
489 3051 525 3112 in
540 3072 637 3114 unum
653 3049 808 3114 beneficia
829 3051 978 3114 uicerunt
993 3052 1091 3133 atque

83 3149 107 3187 25
120 3135 155 3195 in
177 3132 209 3194 id
232 3133 424 3216 redegerunt
445 3134 644 3198 necessitatis
667 3134 853 3218 ambiguum
874 3137 911 3198 ut
932 3132 1013 3197 mihi
1034 3138 1092 3199 aut

189 3373 205 3421 5
228 3371 445 3437 cupiditatium,
468 3389 537 3423 corr·
553 3373 737 3424 Rittersiusics
765 3372 776 3439 11
806 3374 927 3423 'leolum
945 3389 1000 3424 non
1018 3372 1090 3424 Con·

121 3442 243 3490 stantiae
263 3456 337 3490 cons.
354 3443 377 3489 A
398 3439 408 3507 11
432 3443 498 3491 9ut
515 3439 606 3490 Beer„-
626 3446 654 3491 et
670 3443 698 3488 K
718 3439 729 3506 11
749 3444 782 3490 16
801 3442 947 3506 Imperator
964 3440 1090 3505 Auguste

121 3506 195 3558 Bert.
220 3505 230 3573 11
255 3510 286 3559 18
304 3510 355 3559 aim
375 3510 450 3574 Ouap.
475 3504 486 3573 1
509 3509 541 3558 22
559 3523 663 3558 arcanc
680 3510 714 3556 W
738 3507 748 3574 11
772 3511 805 3559 25
822 3508 984 3575 redigerunt
1000 3507 1034 3558 W
