2294 3780
242 152 499 206 CONSTANTINO
517 153 689 204 AUGUSTO
707 155 740 205 D.
757 158 866 208 25-27.
974 155 1037 220 233

71 298 233 364 Fortunae
254 304 358 364 toturn
380 302 504 384 liceret,
537 305 572 364 tu
599 306 721 385 tamen,
750 304 938 386 imperator,
970 326 1037 368 non

72 384 173 448 tutior
201 387 344 468 tempore
376 406 472 469 quam
504 386 562 450 deo
589 387 705 450 tectior
737 388 922 451 saeuissime
951 389 1037 452 hosti

70 467 191 532 multus
219 468 357 532 instares
385 480 416 532 et
438 470 584 533 libertate
613 470 718 534 caedis
747 471 891 535 exultans
919 473 1037 535 donum

71 552 175 615 noetis
197 552 329 617 duceres
351 553 434 637 quod
458 558 655 637 pugnantem
677 577 771 619 nemo
794 558 948 621 seruaret.
980 577 1037 639 per

71 635 207 700 infestas
234 637 319 701 acies
346 638 513 702 interritus
541 639 647 720 uadis,
680 640 868 703 densissima
895 656 1063 724 quaeque5

71 722 251 816 perrumpis
274 721 371 785 deicis
386 723 532 804 proteris.
556 724 667 786 mortis
688 723 783 787 decus
800 723 939 806 perdunt
958 745 1038 806 quos

72 806 240 888 ignoratus
267 805 400 889 affligis,
434 807 497 868 nisi
525 806 609 889 quod
637 811 670 870 te
697 808 767 890 ipsa
793 808 843 871 uis
868 811 924 872 tua
951 809 1038 892 cogit

73 889 213 973 agnosci.
257 888 340 952 nihil
365 889 451 953 enim
473 893 505 954 te
528 893 717 972 permouent
742 892 893 955 tuberum
914 893 1038 957 fractae

69 993 182 1055 uoces,
209 972 386 1037 horrendus
408 973 547 1037 militum
570 974 704 1057 clamor,
732 977 888 1058 permissa
912 976 1037 1040 casibus
1092 1056 1095 1061 ι

69 1056 221 1137 uulnera,
250 1055 327 1120 illisi
349 1058 493 1122 cominus
515 1059 631 1142 gladii,
653 1059 822 1122 cadentum
844 1080 960 1143 graues
983 1081 1037 1144 ge·
1051 1078 1077 1118 ιο

70 1141 185 1222 alitus,
214 1162 304 1204 arma
331 1141 397 1205 late
424 1143 602 1224 strepentia
629 1146 661 1206 et
688 1143 723 1206 in
749 1165 848 1206 unum
871 1143 1038 1226 quemdam

67 1224 216 1288 sonitum
243 1224 359 1288 diuersi
387 1225 526 1310 fragoris
554 1230 627 1291 acta
656 1226 814 1305 confusio,
846 1227 930 1309 quod
959 1227 1038 1290 haec

71 1309 181 1373 omnia
209 1312 265 1373 aut
286 1310 386 1372 uirtus
408 1310 555 1394 neglegit
582 1315 637 1374 aut
658 1311 707 1373 ira
731 1332 797 1374 non
820 1311 928 1374 sentit.
973 1331 1038 1373 nox

70 1392 152 1476 ipsa,
174 1393 349 1456 iustissima
370 1393 562 1458 bellantibus
585 1416 682 1458 causa
702 1395 843 1477 terroris,
869 1395 1037 1458 uehemen-

72 1477 187 1540 tiorem
215 1481 248 1540 ta
281 1477 414 1560 agendis
448 1478 610 1626 stragibus
643 1478 773 1543 fecerat.
818 1478 901 1562 quod
935 1477 1036 1542 solum
1052 1496 1076 1537 15

69 1561 158 1624 enim
180 1560 309 1624 uirtutis
331 1566 406 1625 tuae
428 1561 513 1645 impe
539 1563 691 1627 'mentum
714 1566 778 1645 est,
802 1563 1038 1626 miserationem

71 1645 224 1709 tenebrae
246 1667 311 1708 non
325 1645 453 1728 habent,
476 1651 512 1709 ut
532 1647 678 1731 intellegi
693 1647 788 1711 liceat
805 1650 961 1730 quantum
982 1645 1038 1709 illo

71 1729 106 1793 in
135 1728 220 1793 bello
249 1730 298 1793 uis
325 1733 381 1793 tua
408 1730 579 1813 perfecerit
605 1731 726 1815 pietate
758 1738 831 1795 non‘
853 1734 979 1795 retenta
1007 1733 1039 1794 et
1084 1762 1091 1775 ·

71 1813 237 1877 maiestate
260 1834 380 1877 secura.
426 1814 547 1896 proelio
569 1817 623 1878 uix
645 1817 747 1879 mults
774 1820 869 1880 nocte
892 1815 1038 1880 confecto

72 1896 176 1962 fessus
200 1897 357 1977 caedibus,
381 1897 515 1961 anhelus
531 1920 570 1962 ex
585 1899 679 1983 bello,
703 1922 816 1965 cruore
831 1900 960 1980 oblitus,
983 1899 1077 1962 sedeo

71 1980 194 2063 hostili,
217 1982 256 2044 ad
279 1982 453 2045 obsidionis
475 1982 605 2065 uigilias
627 1985 822 2047 recurrebas.
849 2005 867 2047 o
890 1983 1037 2047 fortuna!

440 2067 446 2108 ,
899 2069 905 2080 .

70 2064 431 2238 ‘tlttltttttlt
440 2069 1039 2232 iltffltffllltrntlttld.

72 2234 348 2383 &uulnere
361 2231 971 2401 littltlllullaltlltdllulebffll²
1001 2251 1038 2294 ⁹⁰
1052 2331 1078 2371 ,ὅ

136 2400 273 2465 XXVlI.
316 2401 374 2483 nt,
397 2403 548 2485 quoniam
570 2423 620 2465 me
642 2400 684 2465 ad
704 2400 792 2463 urbis
816 2418 1040 2463 commemora·
1064 2414 1067 2418 ·

71 2486 195 2550 tionem
222 2486 287 2549 fors
316 2486 471 2569 quaedam
499 2486 624 2568 intulit,
652 2506 717 2549 non
747 2505 852 2548 rerum
882 2482 959 2548 ordo
989 2482 1041 2546 de-

74 2571 167 2635 duxit
199 2590 302 2652 neque
331 2592 481 2634 reuocare
515 2571 589 2633 inde
622 2570 798 2634 orationem
828 2569 877 2632 fas
904 2571 953 2631 est
977 2587 1040 2650 quo

74 2653 260 2719 iamdudum
282 2659 435 2718 contenta
452 2654 613 2736 ueniebat,
636 2656 802 2736 praetereo
817 2655 859 2735 te,
882 2651 1040 2734 Aquileia,

74 2743 122 2820 te,
150 2736 293 2818 Mutina,
324 2743 507 2821 ceterasque
529 2739 676 2822 regiones
705 2739 819 2821 quibus
841 2740 971 2819 propter
991 2735 1040 2797 in·
1053 2751 1079 2791 eo

73 2825 199 2887 secutas
220 2822 457 2886 incredibilium
480 2822 637 2886 bonorum
664 2820 903 2885 commoditates
926 2818 1041 2901 gratis·

73 2907 158 2971 sima
190 2906 253 2969 fuit
284 2907 384 2990 ipsius
416 2905 668 2989 oppugnationis
700 2905 825 2968 iniuria.
875 2903 1042 2966 senserunt

75 2990 162 3055 enim
177 2989 341 3054 translatis
364 2991 404 3054 ad
418 2990 627 3054 fortissimum
642 2988 820 3073 principem
840 2987 1042 3050 fortunarum

143 3196 264 3247 ‘etutior
281 3210 311 3261 ςε
339 3195 454 3245 intutior
470 3196 511 3255 13
538 3210 571 3243 an
589 3194 740 3244 munitior?
773 3190 783 3259 11
817 3190 998 3242 4ᾱιιοετίεΔ
1029 3186 1040 3253 ll

75 3264 252 3315 8turbarum
270 3263 382 3311 ΗΠ
411 3260 421 3326 ΙΙ
451 3260 556 3312 aelam
576 3262 702 3325 perm.A
731 3259 741 3324 l
772 3264 803 3311 10
820 3259 887 3310 illisi
904 3258 939 3307 A:
968 3257 1044 3306 illusi

75 3333 96 3380 B
115 3333 133 3379 0
149 3332 172 3379 V
188 3331 221 3379 W
243 3328 253 3394 ll
275 3332 305 3378 12
325 3326 404 3395 baec]
425 3330 476 3378 hee
494 3328 517 3376 Δ
538 3326 548 3392 ΙΙ
572 3330 603 3378 14
622 3327 826 3378 uehementiore
844 3327 874 3376 in
891 3332 919 3375 te
937 3326 959 3372 Δ
978 3322 988 3387 ΙΙ
1012 3325 1042 3373 17

75 3399 218 3450 habebant
235 3399 258 3447 Δ
270 3398 344 3450 Bert.
361 3398 365 3458 Ι
381 3400 511 3462 quantum
527 3397 547 3444 B
559 3409 597 3443 w:
616 3399 718 3459 quanto
730 3396 758 3442 Π
774 3393 784 3459 ΙΙ
806 3397 839 3444 20
856 3392 943 3450 bello;
962 3391 1044 3439 malim

75 3465 230 3516 uelocitate
250 3463 260 3529 ΙΙ
284 3467 317 3515 23
334 3465 422 3516 refers
440 3465 457 3512 0
479 3460 489 3527 ΙΙ
511 3464 543 3512 28
562 3462 687 3513 reuocari
705 3462 728 3510 Δ
748 3459 758 3526 ΙΙ
782 3463 815 3512 32
834 3455 899 3524 fuit]
920 3457 1017 3508 sintd
