2294 3780
122 164 185 228 210
438 164 487 215 rx,
517 128 669 216 rucnimr
689 163 769 213 Pru.

121 314 256 378 materia
273 313 445 396 ,uictoriam
476 312 532 376 sed
554 313 640 377 enim
661 313 829 395 inopinato
856 310 988 375 consilio
1010 331 1089 374 usus

121 398 269 481 abeundi,
293 398 440 461 simulato
462 397 577 460 nuntio
597 396 727 460 maioris
749 396 785 460 in
807 396 964 478 superiori
983 395 1087 458 limite

120 482 276 547 tumultus
282 530 291 563 ,
321 481 520 551 occasionem
542 480 666 545 stolidis
689 502 726 544 ac
748 480 826 543 feris
847 479 1007 544 mentibus
1030 479 1088 542 ob-

120 567 222 630 tulisti
245 567 281 629 in
301 568 411 629 nostra
432 565 592 649 ueniendi‚
615 565 735 628 relictis
756 565 792 628 in
812 564 936 628 occulto
952 563 1087 627 ducibus

95 651 176 733 equi
198 670 325 713 securos
348 648 555 714 adorirentur.
585 661 741 732 quocum
764 648 794 712 ei
815 648 989 730 uenissent,
1013 668 1088 712 con-

121 734 226 798 silium
249 737 339 797 tuum
361 734 502 816 sequitur
523 733 663 797 fortuna.
696 735 765 797 toto
788 731 894 796 Rheni
917 733 1010 795 alueo
1031 752 1087 814 op-

120 818 208 901 pleto
222 818 359 881 nauibus
374 817 523 881 deuectus
534 821 635 881 terras
650 838 759 880 eorum
773 837 810 880 ae
822 817 932 881 domos
947 818 1089 879 maestae

120 904 331 985 lugentesque
357 902 528 984 populatus
556 923 589 966 es
616 904 808 984 tantamque
840 900 963 964 cladem
989 901 1088 963 uasti·

121 988 283 1068 tatemque
304 985 451 1068 periurae
478 986 570 1069 genti
590 985 729 1049 intulisti
756 987 793 1048 ut
814 988 889 1068 post
911 984 965 1047 uix
986 984 1088 1048 ullum

83 1089 241 1133 unomen
262 1070 411 1134 habitura
432 1070 484 1133 sit.

184 1153 305 1218 XXIII.
333 1153 383 1217 Ite
404 1174 492 1217 nunc
514 1173 640 1235 omnes,
664 1152 692 1216 si
712 1153 833 1236 placet,
856 1152 1011 1217 barbarae
1033 1172 1088 1215 na-

120 1238 225 1302 tiones
259 1240 292 1301 et
319 1237 463 1302 exitiales
495 1237 586 1301 uobis
613 1240 741 1300 mouete
772 1240 922 1301 conatus:
958 1235 1088 1299 habetis

122 1322 310 1405 exemplum.
356 1322 502 1405 quamuis
530 1321 616 1385 enim
636 1322 811 1418 Imperator
837 1324 948 1386 noster
970 1320 1088 1384 amico-

83 1505 108 1547 15
120 1405 1090 1573 idridelnigiiilcltdiilaleltipiiodlii(iidliilislliidislidgilidlaiiriietiri

122 1577 155 1637 et
176 1573 298 1651 colitur,
323 1574 434 1656 augeri
448 1577 558 1638 tamen
573 1572 710 1656 gloriam
731 1574 859 1637 uirtutis
877 1594 952 1637 suae
967 1572 1090 1656 gaudet

121 1657 270 1739 quotiens
297 1659 496 1738 prouocatur.
541 1678 617 1720 nam
645 1658 720 1740 quid
748 1657 807 1720 hoc
829 1657 992 1739 triumpho
1019 1657 1089 1739 pnl-

122 1740 232 1804 crius‘?
254 1760 315 1822 quo
331 1740 480 1804 caedibus
495 1740 637 1804 hostium
654 1742 756 1804 utitur
775 1741 871 1804 etiam
887 1741 927 1804 ad
941 1743 1089 1806 nostrum

67 1828 73 1835 '
121 1824 264 1886 omnium
292 1822 490 1905 uoluptatem
519 1827 551 1887 et
577 1845 727 1906 pompam
754 1846 922 1889 munerum
949 1825 989 1888 de
1015 1825 1090 1888 reli-

82 1924 109 1964 co
123 1906 205 1988 quiis
221 1906 408 1970 barbaricae
423 1906 522 1971 cladis
542 1913 725 1992 exaggerat,
747 1912 872 1973 tautam
888 1909 1090 1992 captiuorum

121 1990 358 2054 multitudinem
386 1991 495 2055 bestiis
523 1992 664 2056 obiciens
696 1996 734 2056 ut
760 1994 882 2077 ingrati
915 1996 947 2056 et
973 1993 1090 2075 perfidi

121 2095 187 2139 non
200 2076 307 2138 minus
321 2075 439 2140 doloris
461 2098 499 2140 ex
515 2076 651 2140 ludibrio
668 2078 717 2140 sui
732 2098 827 2159 quam
846 2099 884 2141 ex
897 2077 969 2160 ipsa
984 2081 1090 2142 morte

121 2160 296 2242 patiantur.
325 2160 400 2224 iude
422 2162 580 2243 estquod,
603 2182 675 2225 cum
697 2163 818 2225 exitum
840 2161 966 2225 differre
982 2161 1089 2246 liceat,

120 2245 226 2326 perire
247 2243 403 2308 festinant
424 2266 555 2327 seseque
573 2244 723 2308 letalibus
745 2246 929 2310 uulneribus
952 2248 985 2310 et
1005 2266 1089 2309 mor-

84 2328 209 2392 usibus
232 2327 378 2394 offerunt.
423 2350 461 2392 ex
483 2350 545 2426 quo
567 2330 637 2412 ipso
659 2333 794 2412 apparet
815 2351 910 2412 quam
932 2351 1089 2414 magnum

122 2412 164 2476 sit
186 2413 301 2476 uicisse
322 2415 390 2475 tam
412 2412 565 2496 prodigos
587 2414 646 2476 sui.

184 2494 303 2560 XXIV.
355 2496 464 2560 Facile
493 2499 542 2559 est
572 2498 702 2560 uincere
728 2498 857 2562 timidos
891 2500 923 2561 et
951 2497 1089 2562 inbelles

121 2578 230 2661 quales
252 2600 386 2643 amoena
401 2579 554 2644 Graeciae
576 2585 608 2645 et
631 2580 762 2646 deliciae
784 2583 915 2646 orientis
938 2581 1089 2666 educunt,

121 2661 176 2726 uix
198 2662 269 2727 leue
289 2662 424 2745 pallium
451 2665 484 2727 et
505 2664 624 2728 sericos
651 2666 738 2730 sinus
760 2667 893 2741 nitendo
921 2667 987 2730 sole
1008 2666 1088 2732 tole

121 2801 296 2808 -—-...--—-
304 2802 324 2808 ..-

189 2869 203 2916 1
223 2866 272 2917 sod
288 2869 432 2932 inopinato
450 2868 483 2932 (A
495 2884 533 2921 w:
553 2876 594 2920 -te
612 2870 707 2933 Bcv)
726 2871 842 2921 oonsilio
860 2886 935 2923 usuc.
961 2870 1088 2923 abeundo

121 2930 251 2992 (abeundi
272 2935 308 2998 w)
332 2924 404 2985 eni'm
426 2937 516 2988 simul.
532 2937 573 2997 Μ,
599 2940 748 3000 transposui
768 2938 838 2988 enim
867 2937 877 3004 [1
906 2942 922 2989 2
944 2939 1089 3004 superiore

120 2999 249 3048 BGVW
272 2999 277 3065 Ι
312 3005 328 3052 3
349 2998 427 3066 feris]
447 3003 541 3054 ferinis
559 3018 589 3067 u,
607 3007 666 3055 edd.
688 3002 699 3068 ll
728 3006 789 3055 tei
807 3021 866 3059 uen.
886 3023 948 3070 epo:
966 3020 1045 3057 enen.
1063 3007 1088 3055 A

121 3081 182 3117 uen.
200 3074 259 3118 cett.
283 3066 287 3132 Ι
306 3070 321 3118 ‘1
338 3073 460 3120 maeatas
478 3072 575 3120 BGV:
594 3072 724 3121 molestas
738 3072 762 3120 A
780 3072 907 3124 funestas
924 3087 949 3122 w
965 3071 977 3138 fl
994 3075 1011 3124 8
1028 3077 1088 3123 tan·

121 3130 243 3200 tamque]
263 3138 391 3200 tanquam
409 3138 427 3184 0
451 3135 461 3202 [Ι
485 3141 500 3189 9
518 3139 629 3189 nixam.
647 3139 670 3187 A
685 3137 689 3202 Ι
709 3138 796 3188 ullum
814 3154 852 3189 w:
872 3140 950 3192 illum
968 3141 992 3189 A
1009 3141 1086 3192 Bert.

119 3199 190 3252 illud
208 3201 228 3248 B
246 3203 263 3249 0
282 3203 304 3250 V
326 3199 336 3268 ΙΙ
367 3205 398 3253 12
416 3219 494 3256 moue
512 3207 536 3255 A
559 3203 569 3270 ΙΙ
594 3209 625 3256 13
644 3206 716 3256 enim
734 3221 805 3256 nunc
824 3209 888 3272 imp.
906 3209 930 3257 A
952 3206 963 3273 ΙΙ
990 3209 1023 3258 14
1040 3223 1088 3258 ua·

121 3268 161 3319 let
178 3282 203 3316 w
232 3267 242 3333 ΙΙ
273 3271 304 3319 15
321 3271 439 3321 uictoria
457 3286 495 3321 w:
513 3273 632 3322 uictoria
649 3275 677 3322 Μ
700 3271 710 3338 ΙΙ
734 3277 766 3325 19
784 3275 957 3340 uoluptatem
975 3275 1021 3326 W:
1040 3290 1088 3326 uo·

119 3336 255 3386 luntatem
272 3337 295 3385 A
312 3337 333 3387 B
350 3341 368 3389 0
386 3340 409 3387 V
437 3338 448 3404 ΙΙ
477 3343 511 3391 20
529 3344 635 3391 tantam
656 3357 690 3391 ue
708 3343 843 3393 Acidaliae
873 3342 883 3409 ΙΙ
912 3346 944 3394 21
964 3343 1089 3394 obicimr

120 3419 181 3468 epo.-
199 3404 274 3454 obici
291 3406 319 3453 Η
336 3406 422 3457 obicit
439 3420 476 3467 w,
495 3409 555 3458 edd.
582 3405 587 3473 Ι
614 3357 657 3473 ull
677 3425 722 3460 om.
742 3411 760 3458 0
777 3414 805 3460 ct
821 3410 898 3466 Bert.
928 3409 939 3477 t
968 3412 1003 3463 24
1019 3425 1089 3462 mor·

120 3471 196 3522 cibus
212 3473 321 3539 scripsi:
341 3474 474 3529 mortibus
491 3477 519 3524 Μ
542 3472 553 3539 ΙΙ
576 3477 610 3528 28
628 3477 722 3541 grecia
738 3483 767 3527 ct
783 3478 807 3526 A
823 3479 843 3526 B
862 3479 885 3526 v
