2294 3780
108 142 149 205 16
429 141 451 191 1.
479 140 509 191 c.
528 141 645 193 eamn
663 140 740 192 rau.

106 291 391 376 dignationemque
424 291 594 371 mereatur,
632 309 674 352 ne
707 288 771 370 ille,
811 288 877 352 siue
916 289 1073 353 interfuso

107 378 188 440 mari
211 397 267 440 seu
288 373 473 438 fluminibus
495 372 659 436 immensis
684 393 740 436 seu
767 373 938 459 praecipiti
965 377 1074 438 moute

108 460 301 542 defendItur,
325 457 433 521 omnia
453 455 532 520 haec
553 460 620 520 tam
642 477 745 538 prona
770 461 899 540 tamque
928 457 1074 522 cedentia

108 544 283 609 uirtutibus
304 542 369 605 tuis
392 542 511 605 sentiet
531 545 568 604 ut
589 541 768 604 subsedisse
782 545 917 623 montes,
940 542 1074 606 flumina

79 629 282 709 seraruisse,
328 627 543 709 interceptum
581 647 668 689 mare
702 625 870 710 illatasque
909 626 970 689 sibi
1008 648 1074 690 non

108 734 177 776 esse
199 712 315 776 classes
336 714 477 794 nostras,
500 711 554 774 sed
576 712 677 774 terras
699 711 785 792 ipsas
807 709 988 774 arbitretur.

164 795 270 860 XVII.
284 794 405 859 Videor
418 795 481 859 iam
496 815 624 858 cernere
637 816 703 858 non
714 794 824 877 spoliis
836 793 1074 878 prouinciarum

108 885 141 946 et
156 884 280 945 extorio
296 880 391 943 sociis
406 900 494 961 auro,
518 879 573 942 sed
595 878 764 942 hostilibus
779 879 876 943 armis
896 881 1074 962 captorum-

108 987 169 1050 que
197 986 310 1049 regum
338 962 459 1027 catenis
486 962 685 1046 triumphum
712 983 860 1046 grauem:
894 963 1004 1027 uideor
1026 965 1074 1027 in-

68 1075 95 1114 ro
109 1049 221 1134 gentis
244 1049 360 1111 ducum
381 1047 512 1111 nomina
540 1068 600 1112 nec
622 1047 773 1111 indecora
799 1047 984 1111 nominibus
1008 1070 1074 1112 cor-

108 1155 188 1217 pora
209 1133 383 1197 noscitare:
411 1132 521 1196 uideor
542 1132 660 1196 intueri
682 1131 874 1195 immanibus
897 1133 982 1195 ausis
1005 1132 1074 1195 bar-

110 1219 258 1281 barorum
281 1219 395 1280 onusta
409 1216 531 1280 fercula
553 1220 585 1280 et
602 1237 660 1280 sua
674 1237 830 1299 quemque
852 1216 939 1280 facta
954 1216 1073 1280 uinctis

108 1302 256 1366 manibus
279 1304 478 1385 sequentem:
509 1322 585 1364 mox
606 1301 711 1383 ipsum
733 1303 767 1364 te
789 1300 958 1364 sublimem
980 1321 1074 1364 curru

108 1387 346 1468 instantemque
361 1386 552 1449 domItarum
567 1385 713 1469 gentium
727 1387 835 1468 tergo,
858 1388 932 1449 ante
948 1406 1074 1448 currum

69 1495 96 1534 rs
109 1474 216 1534 autem
239 1469 358 1552 clipeos
380 1491 459 1553 quos
481 1471 549 1551 ipse
571 1469 757 1552 perfoderis.
804 1489 864 1531 nec
886 1469 946 1532 tibi
968 1470 1074 1551 opima

109 1554 286 1634 defuerint,
321 1554 348 1617 si
376 1555 447 1636 quis
476 1573 590 1636 regum
618 1553 728 1615 uenire
756 1553 791 1615 in
818 1573 932 1623 manus
960 1552 1075 1616 audeat

108 1653 169 1702 nec
190 1637 286 1701 modo
306 1637 444 1701 telorum
464 1640 606 1716 tuorum,
635 1637 690 1699 sed
713 1636 875 1699 oculorum
897 1635 994 1698 etiam
1016 1636 1075 1699 mi-

109 1743 284 1805 narumque
319 1721 500 1785 coniectum
532 1723 600 1783 toto
629 1740 740 1802 campo
772 1723 905 1802 totoque
933 1719 1075 1784 exercitu

109 1807 254 1889 opposito
276 1805 506 1888 perhorrescat.
532 1804 676 1867 meruisti
691 1803 837 1888 proxima
858 1802 1074 1868 moderatione

68 1916 97 1955 ao
110 1895 156 1971 ut,
173 1889 433 1973 quandocumque
448 1893 480 1952 te
496 1888 547 1952 uel
558 1888 677 1952 inferre
693 1887 745 1950 uel
756 1888 943 1971 propulsare
955 1889 1075 1953 bellum

109 1970 397 2058 coegerit'imperii
420 1973 451 2037 di
476 1973 574 2054 uitae,
606 1993 672 2036 non
698 1972 770 2036 ideo
798 1972 913 2036 uicisse
935 1971 1074 2037 uidearis

108 2061 144 2122 ut
165 2057 394 2140 triumphares,
418 1994 476 2121 sed
493 2057 692 2139 triumphare
714 2057 790 2140 quia
812 2056 938 2120 uiceris.

156 2140 278 2206 XVIII.
301 2140 400 2205 Aliud
411 2163 450 2205 ex
461 2141 525 2205 alio
536 2140 615 2204 mihi
627 2141 773 2205 occurrit.
788 2162 884 2224 quam
895 2141 1074 2224 speciosum

109 2229 159 2290 est
175 2226 261 2291 enim
272 2226 355 2310 quod
370 2226 572 2310 disciplinam
588 2229 765 2290 castrorum
776 2225 900 2308 lapsam
914 2231 944 2290 et
954 2226 1074 2289 extinc-

69 2314 176 2376 aram
198 2310 342 2375 refouisti
364 2311 496 2395 depulso
511 2311 625 2395 prioris
647 2310 764 2374 sacculi
784 2310 880 2392 malo,
904 2310 1020 2373 inertia
1042 2313 1075 2372 et

110 2397 308 2459 contumacia
329 2399 361 2458 et
378 2396 602 2480 dedignatione
617 2393 773 2477 parendi?
800 2397 906 2458 tutum
926 2397 975 2457 est
988 2415 1075 2457 reue-

108 2478 261 2559 rentiam,
289 2482 396 2542 tutum
419 2480 584 2542 caritatem
606 2479 737 2560 mereri,
768 2500 829 2542 nec
852 2477 968 2542 ducum
989 2479 1073 2562 quis-

109 2582 204 2640 quam
233 2565 288 2623 aut
313 2582 382 2624 non
410 2563 510 2625 amari
539 2561 734 2625 amilitibns
762 2566 818 2625 aut
845 2564 945 2626 amari
966 2563 1073 2643 timet3

109 2644 223 2709 exinde
262 2643 400 2708 offensae
433 2646 553 2728 pariter
591 2645 775 2728 gratiaeque
813 2647 916 2709 securi
953 2648 1076 2711 instant

179 2853 192 2897 1
212 2854 399 2913 promereatur
416 2850 435 2896 B
448 2848 458 2914 11
471 2852 486 2898 2
504 2853 590 2900 morte
601 2851 618 2897 0
630 2846 640 2914 11
653 2852 668 2899 3
681 2848 841 2900 defenditur
859 2865 889 2914 ςε
911 2850 1076 2916 dependitur

109 2913 161 2980 111
178 2919 195 2965 4
214 2917 317 2966 sentiet
335 2931 364 2980 ςε
388 2919 496 2967 censIct
513 2918 535 2964 V
553 2917 667 2966 transiet
685 2917 705 2965 B
724 2924 819 2967 censet
836 2918 869 2966 W
887 2920 904 2966 0
924 2923 1019 2968 cernet
1035 2921 1076 2970 uel

110 2985 181 3033 sciet
199 2982 358 3034 Sctworzr'as
373 2982 377 3048 Ι
393 2984 540 3034 subsidissc
558 2986 586 3031 Η
598 2981 636 3048 118
655 2985 779 3035 hostibus
797 2983 881 3050 01111
902 2986 977 3036 ausis
992 3011 1026 3020 —
1045 2988 1076 3036 13

110 3051 237 3100 manibus
255 3067 301 3101 om.
320 3049 359 3115 011
374 3053 404 3099 12
422 3052 525 3102 iunctis
538 3053 602 3100 VW
614 3049 625 3116 11
640 3054 670 3103 13
689 3067 770 3102 curru
788 3055 993 3118 instantemque
1006 3055 1077 3104 Heu·

109 3134 214 3168 :ananus
232 3119 320 3169 Poecr'l
337 3119 388 3167 III
407 3120 674 3184 latrantemque
695 3135 775 3169 curru
793 3122 821 3167 Η
849 3118 859 3184 11
891 3123 921 3169 16
940 3121 1077 3170 defuerint

109 3200 148 3233 m:
167 3185 311 3235 defuerunt
327 3182 554 3250 ElmanibusB
585 3184 595 3251 1
626 3189 656 3237 17
675 3202 797 3238 necnon
815 3188 894 3238 modo
915 3189 1042 3239 Gesnerus
1062 3185 1074 3252 11

110 3255 143 3302 20
166 3257 197 3301 ut
216 3253 377 3318 quandoque
402 3254 469 3302 cW
497 3252 508 3320 11
537 3256 568 3303 21
593 3252 725 3320 uideatis]
750 3255 881 3305 iudlcaris
905 3257 922 3303 0
951 3253 961 3321 1
991 3259 1024 3306 24
1048 3262 1076 3305 et

109 3321 214 3376 addidi:
243 3336 289 3374 om.
311 3323 339 3368 Η
361 3337 395 3371 ac
417 3324 478 3376 add.
503 3336 520 3385 ς
543 3322 746 3387 extincta-mque
769 3337 786 3371 u
815 3319 826 3387 11
855 3324 888 3372 27
916 3328 1004 3374 tutum
1034 3331 1077 3374 cst

109 3388 257 3437 caritatem
278 3389 312 3436 W
340 3386 351 3454 11
380 3391 412 3438 29
436 3389 535 3439 exinde
557 3391 665 3454 scripsi:
690 3395 718 3439 et
740 3389 803 3440 inde
828 3392 856 3437 11
881 3388 885 3454 1
913 3392 1076 3456 gratiaeque

109 3456 215 3520 pariter
231 3456 257 3504 0.
