2294 3780
107 153 149 217 50
430 153 453 204 1.
491 152 520 204 c.
538 153 654 205 rmurr
671 153 752 205 Pau.

107 304 269 393 uestigio?
298 328 366 370 non
388 305 466 369 adeo
487 304 562 368 deos
582 302 791 386 hominesque
814 306 1076 386 contempserant

106 393 204 456 utin
232 392 289 456 illa
321 389 556 474 speciosissima
583 389 656 452 sede
684 387 850 451 hominum
881 387 1101 471 deorumque:

109 477 269 541 coniectos
291 476 326 538 in
348 496 381 538 sc
404 474 511 538 oculos
534 473 618 537 ferre
641 494 679 536 ac
700 471 825 556 perpeti
846 475 987 555 possent.
1014 472 1076 536 tibi

109 565 222 626 contra
244 565 276 623 et
296 558 472 622 moderatio
495 561 550 622 tua
572 559 671 622 suasit
699 559 731 621 et
753 557 907 621 sanctitas
930 559 966 620 ut
986 559 1019 620 te
1043 560 1078 621 et

82 645 166 709 areli
191 644 258 707 ioni
281 643 411 707 deorum
434 644 467 706 et
488 642 613 707 iudiciis
635 642 803 706 hominum
826 640 1000 706 exhiberes

168 666 287 792 iiXIV.
337 727 404 791 Alii
432 727 633 791 consulatum
661 731 736 793 ante
758 736 853 812 quam
881 729 1073 813 acciperent,

102 817 143 877 >tu
166 816 198 877 et
221 812 297 877 dum
319 812 437 895 accipis
460 812 613 880 meruisti.
639 817 770 896 peracta
792 819 885 879 erant
907 814 1075 878 sollemnia

108 898 319 980 comitiorum,
344 897 371 960 si
386 897 564 981 principem
580 899 748 983 cogitares,
771 899 898 982 iamque
920 921 954 964 se
971 899 1075 962 omnis

107 983 202 1046 turba
224 985 450 1065 commueret,
475 1004 547 1046 cum
568 987 605 1046 tu
626 983 818 1048 mirantibus
842 983 964 1047 cunctis
988 1004 1075 1046 acce-

69 1087 95 1125 10
109 1066 157 1130 dis
188 1066 231 1129 ad>
261 1067 400 1131 consulis
431 1067 557 1150 sellam,
591 1067 786 1153 adigendum
816 1070 848 1131 te
876 1067 1008 1151 praebes
1039 1067 1075 1128 in

109 1151 206 1214 uerba
226 1152 426 1236 principibus
447 1151 575 1236 ignota,
609 1153 673 1216 nisi
698 1174 769 1216 cum
791 1153 894 1215 iurare
923 1153 1077 1234 cogerent

108 1234 199 1300 alios.
249 1237 339 1300 uides
371 1258 468 1320 quam
500 1237 716 1302 necessarium
746 1235 843 1300 fuerit
874 1235 1077 1299 consulatum

107 1341 175 1384 non
207 1343 365 1385 recusare.
415 1344 483 1386 non
509 1327 709 1407 putassemus
742 1320 828 1385 istud
855 1322 887 1383 te
914 1319 1076 1383 facturum

107 1405 216 1487 fuisse,
238 1407 266 1468 si
288 1427 478 1471 recusasses.
516 1410 638 1490 stupeo,
662 1408 770 1489 patres
794 1404 978 1486 conscripti,
992 1424 1076 1477 ,nec-

69 1507 94 1547 15
108 1487 184 1552 dum
213 1491 290 1553 satis
318 1494 374 1554 aut
396 1491 496 1554 oculis
524 1492 603 1553 meis
631 1492 687 1552 aut
709 1489 837 1552 auribus
864 1488 956 1550 credo
980 1490 1076 1570 atque

107 1571 284 1636 identidem
312 1596 363 1636 me
392 1596 435 1636 an
463 1574 632 1654 audierim,
665 1594 707 1634 an
735 1571 871 1635 uiderim
898 1571 1018 1633 interro
1045 1593 1075 1635 0.

107 1656 284 1739 imperator
311 1677 387 1740 ergo
415 1659 446 1719 et
475 1656 591 1721 Caesar
620 1659 652 1719 et
679 1657 844 1738 Augustus
872 1659 901 1718 et
927 1592 1076 1736 pontifex

106 1741 264 1813 maximus
287 1741 378 1804 stetit
401 1743 475 1802 ante
490 1739 648 1823 gremium
666 1738 815 1821 consulis,
837 1738 981 1822 seditque
1000 1760 1074 1802 con-

108 1825 158 1888 sul
179 1824 325 1906 principe
348 1825 424 1886 ante
446 1844 480 1886 se
502 1827 622 1903 stante,
650 1826 682 1887 εὴ
704 1823 786 1887 sedit
806 1823 1004 1906 inturbatuS,
1027 1824 1075 1886 in-

69 1926 94 1965 ro
107 1909 236 1971 territus
272 1910 304 1970 ct
330 1910 495 1990 tamquam
526 1908 571 1970 ita
597 1907 666 1970 fieri
698 1907 822 1971 soleret.
870 1908 949 1990 quin
977 1908 1075 1971 etiam

107 1993 205 2054 stanti
228 1990 341 2054 sedens
363 1991 503 2074 praciuit
530 1991 579 2055 ius
601 1991 785 2074 iurandum,
815 1994 847 2055 et
868 1991 922 2056 ille
944 1991 1074 2074 iurauit,

109 2075 264 2156 expressit
298 2075 544 2159 explanauitque
578 2075 676 2139 uerba
708 2077 823 2160 quibus
850 2078 947 2159 caput
969 2097 1072 2157 suum,

108 2157 238 2222 domum
260 2179 360 2241 suam,
383 2161 410 2223 si
432 2161 536 2224 sciens
558 2159 735 2245 fefellisset,
758 2161 890 2224 deorum
911 2161 978 2223 irae
1001 2181 1074 2222 con-

109 2244 256 2306 secraret.
292 2243 417 2327 ingens,
442 2243 568 2326 Caesar,
592 2248 624 2310 et
644 2267 703 2328 par
725 2246 829 2329 gloria
851 2247 916 2326 tua,
940 2246 1007 2307 siue
1029 2243 1075 2307 fe-

68 2342 93 2383 25
109 2330 211 2391 cerint
226 2328 311 2392 istud
326 2334 438 2412 postca
452 2330 615 2413 principes
633 2329 700 2392 siue
716 2351 783 2392 non
797 2329 943 2393 fecerint.
965 2327 1075 2391 ullane

109 2413 185 2475 satis
209 2412 308 2496 digna
329 2414 522 2496 praedicatio
546 2417 594 2478 est
615 2412 699 2476 idem
721 2415 815 2477 tertio
842 2413 1004 2476 consulem
1028 2412 1075 2474 fe·

108 2495 188 2558 cisse
216 2496 300 2578 quod
327 2497 446 2579 primo,
478 2498 562 2560 idem
587 2492 764 2579 principem
792 2498 877 2581 quod
900 2497 1073 2579 priuatum,

107 2577 191 2640 idem
213 2579 437 2661 imperatorem
460 2582 544 2662 quod
559 2581 618 2643 sub
633 2581 847 2662 imperatore?
869 2581 977 2644 nescio
997 2579 1072 2661 iam,

106 2662 216 2725 nescio
238 2661 421 2745 pulcriusne
444 2664 486 2726 sit
508 2663 588 2726 illud
610 2664 694 2746 quod
716 2667 889 2747 praeeunte
917 2664 1006 2727 nullo
1030 2684 1073 2726 an

69 2743 168 2809 ahoe
191 2745 275 2828 quod
298 2745 360 2809 alio
382 2751 555 2829 praeeunte
577 2749 701 2812 iurasti.

170 2828 269 2894 LXV.
309 2828 348 2894 In
370 2832 482 2895 rostris
505 2854 630 2916 quoque
653 2833 750 2896 simili
771 2834 928 2917 religione
950 2833 1019 2915 ipse
1041 2834 1074 2894 te

107 2986 310 2994 ψ

174 3071 190 3116 2
208 3069 413 3132 speciosissima
431 3072 448 3118 0
470 3069 480 3136 ΙΙ
501 3074 517 3121 3
536 3070 629 3120 oculos
647 3087 694 3122 om.
712 3073 767 3119 BV
787 3069 797 3135 ΙΙ
819 3073 851 3120 12
870 3072 953 3121 fuerit
971 3088 1000 3137 ςι
1020 3073 1075 3122 fuit

105 3136 132 3182 1
150 3133 160 3199 ΙΙ
178 3138 209 3184 13
229 3137 362 3186 facturum
380 3139 443 3186 tec
465 3135 475 3202 ΙΙ
497 3140 529 3187 14
546 3139 710 3204 necdumque
730 3141 748 3187 0
767 3136 777 3203 ΙΙ
800 3140 830 3187 16
849 3153 884 3187 an
901 3139 957 3192 uid,
977 3155 1006 3204 ςε
1025 3146 1075 3190 aut

106 3202 163 3251 uid.
180 3204 207 3250 Μ
228 3200 238 3267 ΙΙ
262 3206 292 3252 17
311 3208 338 3252 et
354 3205 478 3268 pontifex
495 3207 641 3256 Liuineius:
658 3206 783 3270 pontifex
800 3207 827 3253 Π
848 3203 858 3268 ΙΙ
879 3207 912 3254 20
931 3207 1015 3256 etiarn
1033 3222 1074 3255 se·

106 3269 174 3319 dena
193 3271 279 3319 stanti
295 3273 412 3334 praeiuit
427 3273 569 3323 Gronovius
587 3274 639 3326 obe.
652 3274 780 3323 IIII16:
798 3273 880 3322 etiam
899 3273 995 3323 sedens
1014 3288 1073 3336 pre-

53 3374 58 3382 .
105 3337 167 3387 buit
178 3338 205 3384 Μ
223 3337 305 3387 etiam
325 3340 411 3388 stanti
427 3341 528 3404 praeiit
546 3342 586 3391 ed.
597 3342 776 3406 Lupdunenaie
788 3355 812 3388 a.
827 3342 896 3390 1531
909 3337 919 3404 ΙΙ
932 3342 965 3390 23
983 3341 1074 3391 sciens

105 3405 252 3454 Liuineius:
270 3406 390 3456 scienter
406 3405 433 3454 ll
454 3405 464 3472 ΙΙ
485 3410 519 3458 24
536 3414 586 3459 tua
602 3423 649 3460 om.
666 3409 699 3457 W
720 3406 730 3473 ΙΙ
751 3409 783 3458 26
802 3407 974 3472 praedicatio
991 3407 1075 3471 digna

106 3472 123 3520 0
135 3469 145 3536 ΙΙ
158 3473 191 3524 29
208 3471 277 3524 illud
295 3475 317 3520 V
328 3474 373 3524 W:
391 3473 467 3525 istud
484 3476 504 3525 B
517 3477 535 3523 0
