2294 3780
268 179 481 232 THEODOSIO
498 180 671 232 AUGUSTO
689 181 725 231 Ι).
747 183 854 232 14-16.
979 180 1043 246 285

75 327 205 412 palatiis
228 327 337 411 digna,
362 327 418 391 sed
438 328 582 412 pergulis
604 329 789 393 habebatur.
818 330 893 394 inde
915 330 1042 394 facilius

74 412 238 476 inueneris
253 412 308 495 qui
321 412 490 495 pecuniam
513 434 551 476 ex
566 414 687 477 aerario
702 435 796 497 quam
833 415 864 477 ui
882 435 921 477 ex
935 415 1042 479 animo

74 496 171 560 fidem
193 497 394 579 prompserit.
423 497 561 578 optimos
583 499 635 562 illc
656 504 714 562 out
734 498 788 562 ille
811 436 952 580 ditabat,
974 520 1042 563 nou

75 582 174 645 etiam
195 580 365 665 diligebat:
396 581 546 663 prodesse
568 587 717 665 nouerat,
740 604 846 646 amare
868 584 1040 647 nesciebat.

73 669 111 729 tu
131 665 315 744 amicitiam,
337 686 457 728 nornen
474 669 549 728 ante
563 666 735 748 priuatum,
757 689 824 732 non
840 668 941 731 solum
956 668 1067 731 intras

74 750 184 815 aulam
205 750 342 832 uocasti,
366 749 422 813 sed
443 749 587 813 indutam
610 773 766 833 purpura,
796 773 871 816 auro
893 752 1042 836 gemmis-

76 856 136 915 que
158 833 339 898 redimitam
362 833 443 898 solio
466 835 617 918 recepisti
638 857 744 919 reque,
768 858 833 899 non
855 836 971 918 uerbis7
994 858 1043 900 as·

74 918 202 984 seruisti
223 918 381 1001 principis
401 922 542 982 mentem
562 921 654 983 tanto
676 922 711 982 in
733 941 806 982 suos
821 921 1042 1004 benigniorem

75 1024 144 1067 esse
160 1002 274 1066 debere
291 1006 412 1087 quanto
436 1003 478 1066 sit
491 1003 624 1067 fortuna
638 1005 864 1087 praestantior,
888 1026 959 1068 cum
980 1006 1041 1069 fide

74 1109 114 1151 ac
133 1087 288 1151 facultate
310 1088 441 1170 paribus
463 1108 541 1171 agas
570 1091 602 1152 et
623 1087 834 1151 familiaribus
856 1088 920 1151 tuis
943 1090 1040 1171 impe·
1055 1108 1080 1147 ro

73 1175 161 1236 rator
174 1172 298 1236 tribuas
320 1171 403 1255 quod
418 1172 563 1255 priuatus
584 1175 722 1255 optaras.
752 1193 945 1255 quamquam
961 1193 1041 1254 quae

76 1277 190 1340 cupere
206 1277 267 1338 per
288 1260 363 1320 uota
384 1259 559 1338 potuerunt
580 1258 662 1341 quod
679 1256 821 1339 plerique
842 1259 875 1320 te
895 1256 1041 1338 principe

74 1341 236 1406 consecuti
262 1340 360 1404 sunt?
404 1362 464 1405 nec
486 1362 574 1404 nunc
601 1342 639 1405 de
662 1341 712 1404 his
734 1340 907 1404 honoribus
929 1340 1042 1423 loquor

96 1446 154 1489 uos
174 1425 209 1488 in
224 1445 454 1508 quemcumque
477 1425 622 1489 conferre
636 1425 821 1508 imperatori
836 1446 966 1489 necesse
982 1427 1039 1488 est.

73 1447 138 1573 dux
168 1509 281 1593 aliquis
315 1508 474 1572 euehitur:
519 1510 620 1593 exigit
648 1509 818 1592 disciplina
852 1512 1039 1573 castrorum.
1054 1526 1079 1566 1⁵

72 1593 256 1678 praefectus
278 1593 453 1657 attollitur:
476 1593 705 1676 imponendum
727 1596 775 1657 est
792 1593 968 1676 prouinciis
991 1614 1041 1657 ca·

71 1681 141 1762 put.
186 1677 297 1741 consul
325 1682 464 1741 creatur:
507 1677 674 1741 habiturus
703 1680 753 1740 est
780 1698 899 1741 nomen
927 1699 1039 1741 annus.

71 1765 119 1827 ita
150 1762 185 1826 in
219 1762 352 1826 summis
386 1762 450 1825 illis
505 1760 768 1845 ulcherrimisque
797 1761 960 1827 beneficiis
992 1765 1041 1825 est

72 1847 181 1930 aliqua
214 1848 408 1930 praestantis
439 1784 571 1910 utilitas
617 1868 636 1909 a
663 1850 695 1910 te
728 1867 812 1910 noua
837 1847 913 1911 beni
938 1847 1040 1910 nitate

71 1932 100 1996 is
130 1931 242 1995 amicis
264 1930 367 1995 honos
389 1930 519 1995 habitus
545 1935 594 1995 est
615 1932 669 2014 qui
691 1934 778 1995 totus
808 1935 892 1996 esset
912 1933 923 1995 i
950 1949 1079 1995 orumto

29 2082 33 2089 ,
72 2015 188 2100 quibus
210 2014 427 2099 deferebatur3
450 2015 594 2097 nihilque
617 2037 655 2078 ex
678 2036 715 2078 eo
737 2015 777 2078 ad
796 2018 828 2079 te
849 2016 1041 2079 redunduuit

71 2100 136 2164 nisi
159 2099 256 2164 dandi
277 2099 435 2182 uoluptas.
481 2098 531 2163 cui
555 2120 625 2162 oum
648 2101 756 2162 essent
777 2099 863 2161 domi
884 2098 957 2180 filii,
986 2119 1041 2181 ge·

71 2186 178 2249 minae
200 2184 275 2249 illae
297 2206 369 2268 spes
393 2183 539 2267 oculique
560 2183 607 2246 rei
621 2182 909 2278 publicae,·dilatis
931 2203 1040 2245 eorum

72 2270 455 2437 ttttttltshtff
477 2265 1038 2434 tltttttpthttt·attufit:

71 2460 146 2502 rens
174 2441 248 2503 tuus
255 2487 263 2518 ‚
297 2439 436 2520 uiueret,
470 2437 546 2520 quid
579 2435 666 2499 aliud
694 2437 894 2519 expectasset
927 2456 946 2497 a
974 2433 1040 2498 filio

72 2544 167 2606 quam
196 2527 233 2586 ut
260 2522 431 2605 nepotibus
458 2519 694 2586 anteferretur?
738 2519 913 2603 praebuisti
941 2519 1040 2602 igitur

71 2610 107 2669 tu
139 2607 248 2670 amicis
282 2628 344 2691 quo
374 2605 445 2689 plus
479 2627 539 2670 nec
567 2607 650 2688 patri
678 2606 842 2689 praestare
871 2605 1038 2687 potuisses.

71 2691 342 2755 obeuiuolentiae
357 2696 431 2754 tuae
454 2689 616 2775 singulare
639 2690 819 2756 consilium!
843 2709 940 2772 auges
960 2691 1036 2751 tem·

70 2796 148 2859 pore
171 2774 363 2860 dignitatem
392 2796 473 2857 quae
494 2775 729 2839 incrementum
758 2796 796 2838 ex
817 2771 1038 2856 magnitudine
1051 2788 1076 2828 ³0

77 2932 253 2939 ————--
263 2934 273 2939 ..

141 3032 297 3096 lpergulis
317 3031 458 3081 Gronovius
475 3031 527 3080 obs.
547 3029 581 3078 II
600 3031 648 3077 22:
675 3027 803 3092 periculis
821 3029 849 3073 Η
877 3023 888 3091 ΙΙ
917 3029 933 3075 3
970 3041 1038 3076 rom·

70 3100 158 3164 pserit
175 3099 266 3149 Bere:
286 3101 471 3163 prompserint
488 3100 515 3146 Π
541 3096 545 3159 Ι
572 3096 690 3160 optimos
707 3109 744 3144 w:
768 3095 888 3159 optimus
905 3042 968 3159 ll)
990 3093 1038 3144 ille

71 3172 122 3216 aut
138 3167 188 3217 ille
206 3183 267 3231 epo:
285 3165 333 3216 ille
351 3169 379 3213 Η
393 3164 397 3228 Ι
413 3165 563 3216 dicabatA
585 3161 595 3228 ΙΙ
616 3166 631 3213 7
649 3159 746 3229 reque]
765 3164 857 3227 ireque
875 3163 898 3211 A
915 3162 996 3212 rebus
1014 3176 1039 3211 w

73 3234 76 3297 Ι
101 3234 222 3283 uerboc
252 3232 262 3298 {l
291 3234 424 3285 8suisA
453 3231 463 3298 11
494 3235 525 3283 12
544 3246 644 3296 cupere
661 3233 770 3295 scripsi:
789 3244 888 3294 capere
906 3231 935 3277 Π
960 3227 965 3293 l
991 3242 1038 3293 per

70 3302 176 3351 addidi:
203 3318 250 3353 om.
267 3302 294 3348 1
323 3299 334 3367 Η
364 3300 530 3352 marolus
561 3299 566 3363 Ι
599 3299 754 3364 prouinciae
772 3300 831 3348 edd.
862 3294 872 3361 ΙΙ
901 3299 934 3346 21
956 3295 992 3345 ad
1009 3299 1038 3345 te

70 3384 118 3419 om.
135 3369 159 3416 Δ
185 3366 189 3430 Ι
221 3369 386 3420 redtrndauit
407 3368 592 3432 Wopkensius:
615 3365 782 3416 redundaret
798 3366 827 3412 1
856 3361 866 3429 ss
895 3366 928 3412 22
946 3367 1038 3412 esseut

71 3437 164 3486 eumd
180 3434 189 3501 ΙΙ
206 3438 240 3486 24
258 3436 406 3488 consulatu
423 3437 481 3488 edd.
498 3433 508 3500 ΙΙ
525 3438 558 3488 27
577 3434 769 3500 prebuistiW:
787 3431 917 3497 profuisti
928 3430 1039 3479 ANV

70 3504 237 3567 praestitisti
254 3506 312 3556 edd.
