2294 3780
101 144 163 207 278
426 142 489 192 xu.
516 140 648 191 Pronrr
667 141 750 190 nnn.

101 295 234 356 nouerat
255 312 436 374 numquam·
451 290 658 372 indulgenter
679 288 805 371 habuit,
835 289 890 353 sed
912 292 949 353 ut
970 290 1072 355 seueri

101 375 287 525 talitali?
318 372 1073 523 lllolbntltutlffitlltttllalb

101 482 481 691 telndboribuspexerouit,
515 542 590 605 dum
617 545 707 638 aptat
734 541 894 638 imperio.
921 481 953 605 <lt
981 543 1074 625 priua

77 631 230 713 equiem
263 650 358 710 quam
392 627 431 689 ad
459 627 516 689 illa
549 647 678 689 ueniam
712 647 792 708 quae
825 647 896 689 aeur
926 630 1071 691 maturus

103 714 207 810 egisti,
230 711 414 774 summatim
427 713 518 774 tuum
540 710 619 773 illud
641 710 800 793 attingam
823 731 895 774 cum
910 713 1003 792 patre
1025 711 1073 774 di-

102 818 179 859 urno
203 799 366 859 castrense
389 793 568 879 collegium,
591 796 679 858 actas
701 795 759 857 sub
780 794 917 876 pellibus
939 794 1072 875 hiemes,

103 883 239 944 aestates
254 881 338 942 inter
353 879 437 942 bella
453 879 592 961 sudatas,
616 878 682 941 dies
697 881 871 961 noctesque
885 879 1075 962 proeliando

103 967 158 1027 aut
180 962 345 1046 uigilando
369 967 584 1045 consumptas,
607 962 815 1046 grauissimas
838 983 964 1046 pugnas
985 966 1073 1027 terra

66 1069 91 1107 10
103 1049 246 1130 marique
265 1050 435 1131 pugnatas,
463 1068 529 1110 non
551 1050 617 1109 tarn
632 1047 759 1128 patiens
773 1046 948 1110 Africanus
968 1047 1073 1130 prima

103 1132 282 1195 rudimenta
303 1133 436 1195 militiae
459 1131 518 1194 sub
533 1130 634 1194 Paulo
649 1133 739 1213 patre
755 1129 907 1194 tolerauit
927 1152 987 1195 nec
1002 1133 1073 1214 pari

102 1216 210 1280 indole
225 1215 392 1279 Hannibal
414 1237 493 1298 puer
511 1216 650 1278 tentoria
665 1213 813 1297 Hispana
836 1216 991 1278 successit
1011 1237 1072 1280 nec

102 1300 281 1364 futurarum
317 1321 373 1382 spe
407 1302 541 1363 certiore
573 1299 728 1362 uirtutum
760 1298 931 1381 Philippea
968 1305 1073 1363 castra

103 1384 286 1448 Alexander
306 1383 450 1446 nondum
471 1382 610 1467 Magnus
632 1382 787 1465 impleuit.
816 1404 896 1466 quos
919 1383 980 1446 etsi
1002 1384 1073 1466 plu·

65 1485 90 1526 15
103 1469 184 1531 rima
204 1467 298 1531 laude
314 1468 472 1531 dotauerit
494 1466 719 1549 amplificatrix
733 1467 802 1530 ueri
816 1469 967 1549 uetustas,
989 1466 1073 1531 nihil

103 1555 212 1615 tamen
240 1551 312 1634 plus
335 1550 480 1615 blandita
506 1551 668 1634 praestitit
693 1572 790 1635 quarn
817 1555 854 1614 ut
882 1572 935 1615 eos
963 1550 1075 1615 inhia
1127 1630 1133 1637 ἱ

104 1638 197 1700 annis
226 1637 351 1699 secutos
379 1657 490 1719 regum
518 1638 575 1698 aut
597 1636 711 1698 ducum
739 1639 842 1699 castra
863 1635 1013 1719 uulgaret
1038 1637 1074 1700 in

103 1721 218 1802 quibus
240 1722 275 1781 tn
297 1720 344 1782 ita
365 1719 492 1782 fortiter
519 1719 620 1782 multa
641 1719 771 1802 gessisti
792 1722 829 1782 ut
850 1741 887 1783 ea
911 1741 977 1783 non
1000 1723 1072 1783 tan·

103 1806 173 1865 tum
195 1803 379 1865 Alexander
408 1805 462 1865 aut
484 1803 656 1865 Africanus
684 1807 740 1866 aut
760 1802 925 1866 Hannibal
953 1805 1075 1888 uidere,

65 1903 91 1944 ιο
104 1885 179 1948 dum
196 1884 363 1966 discerent,
386 1886 441 1948 sed
456 1889 603 1967 parentes
626 1889 721 1968 atque
739 1887 940 1950 institutores
963 1909 1073 1952 eorum

104 1971 271 2050 optassent
291 1969 412 2049 facere,
436 1968 511 2031 dum
534 1970 693 2033 docerent.
787 2044 788 2048 1

167 2051 225 2115 ΙΧ.
260 2051 363 2127 Quam
384 2057 472 2117 tecta
495 2056 570 2117 sunt
592 2076 717 2137 semper
740 2055 873 2118 consilia
895 2054 1072 2121 Fortunae!

104 2137 184 2219 quis,
207 2158 333 2220 quaes0,
356 2141 424 2202 tum
441 2137 579 2222 publicis
601 2139 695 2202 rebus
717 2160 783 2202 non
797 2141 942 2222 putasset
963 2140 1071 2203 inimi·

104 2242 177 2284 cum
199 2225 291 2285 tuum
312 2223 402 2285 illum
426 2244 445 2285 a
466 2223 604 2286 statione
627 2224 782 2286 castrensi
805 2223 845 2286 ad
860 2224 1000 2306 quietem
1022 2245 1071 2287 re-

65 2321 91 2362 25
104 2306 257 2389 ceptum?
302 2307 463 2370 enimuero
490 2305 547 2369 illa
568 2306 711 2370 futurum
732 2307 912 2391 principem
942 2328 1074 2371 comens

103 2390 223 2453 idcirco
250 2392 412 2473 paulisper
443 2391 546 2453 uoluit
572 2395 600 2454 te
629 2411 695 2454 esse
722 2391 884 2472 priuatum
911 2395 962 2473 ut,
997 2393 1072 2474 quia

103 2475 169 2536 iarn
192 2475 231 2537 ad
252 2474 382 2556 plenum
404 2474 526 2537 bellicis
555 2474 676 2538 artibus
699 2474 901 2557 abundabas,
930 2497 1007 2539 usus
1029 2477 1072 2540 ci·

102 2557 177 2618 uilis
206 2559 372 2639 experiens
407 2558 465 2621 sub
495 2558 554 2620 otii
581 2561 723 2640 tempore
756 2559 942 2623 reddereris.
986 2559 1071 2643 quod

105 2661 165 2724 ego
194 2644 285 2703 tuum
318 2642 419 2704 otium
447 2641 582 2705 aliorum
615 2664 656 2705 ne
680 2643 754 2706 otiis
785 2646 960 2707 anteuerto.
1004 2665 1070 2708 non

66 2740 91 2781 ao
105 2724 191 2788 enim
219 2727 252 2787 te
280 2745 414 2788 amoena
441 2724 536 2788 litora
564 2745 624 2790 neo
674 2726 795 2808 'opositi
823 2728 864 2790 ad
891 2731 1071 2810 temporum

104 2810 190 2873 uices
213 2808 351 2872 habuere
374 2830 530 2891 secessus,
559 2810 613 2872 sed
637 2811 703 2874 siue
725 2813 763 2874 tu
784 2811 870 2895 agris
893 2812 960 2875 siue
982 2813 1073 2895 oppi-

172 3050 188 3096 3
207 3045 347 3096 difficilius
366 3047 388 3095 A
408 3045 418 3110 11
439 3049 455 3095 5
476 3047 552 3096 illam
569 3047 590 3095 B
609 3045 646 3109 01
665 3047 785 3115 ueniam]
805 3049 886 3098 uenio
903 3051 926 3099 A
943 3063 1073 3100 necessa·

103 3115 171 3163 riam
188 3117 229 3162 uel
245 3114 401 3162 necessaria
419 3115 436 3161 G
457 3111 466 3177 11
488 3117 502 3163 7
521 3121 600 3164 actus
618 3117 640 3162 Δ
657 3113 667 3179 11
689 3117 720 3165 16
738 3114 843 3180 tamen]
863 3122 922 3165 tam
940 3115 1015 3167 Bert.
1035 3114 1070 3179 (t)

106 3177 110 3245 1
135 3179 195 3245 plus
214 3178 338 3229 blandita
357 3181 373 3228 0
391 3180 479 3230 Bera:
505 3181 628 3230 blandita
646 3182 708 3246 plus
726 3184 753 3231 H
782 3183 792 3249 11
824 3188 854 3234 17
874 3180 934 3249 ant]
955 3198 989 3232 ao
1005 3185 1029 3233 A
1056 3180 1069 3247 11

105 3249 137 3298 18
165 3262 219 3296 non
242 3252 299 3295 tam
323 3249 340 3295 0
370 3245 380 3311 11
411 3250 445 3297 20
472 3249 610 3298 discerent
632 3247 764 3300 docerent
787 3250 878 3301 sedA
912 3249 923 3315 11
956 3253 990 3302 23
1016 3265 1071 3301 non

104 3330 150 3365 orn.
170 3316 203 3363 W
232 3311 242 3379 1
271 3315 443 3364 recondens
465 3315 646 3379 Wopkenrias.
677 3334 711 3367 aa
732 3321 920 3382 componens?
950 3316 961 3383 11
990 3319 1023 3368 26
1041 3321 1070 3368 te

104 3397 231 3498 {⁹⁰:voin'
249 3384 277 3429 n
305 3378 315 3446 1
345 3383 377 3432 28
396 3381 496 3446 quide
526 3381 536 3447 11
565 3386 597 3433 30
616 3388 643 3434 te
661 3400 706 3436 ona
725 3386 758 3433 W
782 3384 792 3450 1
821 3389 851 3436 31
873 3383 993 3452 oppidio]
1012 3387 1072 3449 opi·

124 3464 156 3499 us
