2294 3780
416 155 575 209 Tsnrsuo
593 156 627 209 n.
664 157 774 208 ar-so.
1041 154 1082 220 83

114 306 164 368 est
190 323 330 372 neeesse.
366 303 501 369 iustisne
528 304 567 368 de
594 304 696 369 causis
725 308 855 368 senatus
883 306 1081 390 populusque

114 387 279 453 Romanus
300 388 414 472 optimi
434 387 494 453 tibi
516 409 691 473 cognomen
708 387 847 454 adierit?
878 392 1026 472 paratum
1048 391 1080 454 id

115 473 243 556 quidem
265 475 298 537 et
319 473 355 536 in
382 473 487 537 medio
515 473 670 557 positum,
698 493 819 539 nouum
847 476 967 541 tamen.
998 475 1081 539 seius

112 558 276 621 neminem
290 560 366 621 aute
380 558 544 642 meruisse,
562 558 647 642 quod
658 579 724 623 non
737 561 806 622 erat
820 558 1080 644 excogitandum,

112 641 139 706 si
168 641 240 789 <puis
268 642 446 739 meruisset.
483 663 525 707 an
556 643 657 707 satius
690 643 752 707 fuit
784 642 912 708 selioem
943 642 1140 741 uocarelsx

111 746 175 810 quo
219 747 287 790 non
307 726 461 809 monbus,
490 726 545 790 sed
572 727 720 791 fortunae
749 726 858 792 datum
886 729 951 791 est:
980 731 1080 792 sature

112 809 733 960 lilibullltulllltlmiiieqffil
747 811 1082 961 ppgpuppgppp

112 917 226 1062 optiini
248 917 466 1045 nomemphoo
487 917 549 1044 till
577 918 654 1044 tani)
668 981 835 1127 ᾓορῐὶυω
856 945 954 1064 lpuam
974 983 1080 1065 pater-

111 1084 206 1145 num3
233 1083 295 1127 nee
315 1063 420 1148 magis
447 1063 601 1129 distinete
629 1065 668 1129 de
715 1065 742 1128 it
782 1085 822 1129 ue
850 1065 1000 1150 designat
1026 1065 1081 1150 qui
1094 1083 1119 1123 ιο

111 1146 285 1211 Traianum
307 1168 403 1230 quam
425 1148 480 1232 qui
502 1148 657 1246 optimum
680 1149 774 1246 appel
789 1152 832 1231 at,
860 1153 897 1213 ut
918 1150 996 1213 olim
1019 1149 1081 1213 lru-

111 1231 244 1316 galitate
276 1230 426 1316 Pisones,
461 1234 620 1317 sap1entis
651 1231 768 1315 Laehi,
802 1233 923 1316 pietate
957 1232 1081 1296 Metelli

112 1317 384 1381 monstrabantur.
421 1338 501 1401 quae
523 1316 619 1381 simul
641 1317 752 1381 omnia
779 1337 844 1380 uno
866 1317 928 1380 isto
949 1316 1081 1381 nomine

112 1400 331 1465 eontinentur.
369 1421 428 1465 nee
450 1401 552 1466 uideri
576 1403 683 1485 potest
709 1400 848 1483 optimus
869 1400 934 1464 nisi
955 1400 1010 1484 qui
1031 1403 1096 1483 est·

111 1484 259 1549 omuibus
281 1485 410 1582 optimis
429 1485 465 1550 in
486 1506 544 1550 sua
563 1485 716 1570 cuiusque
737 1485 832 1550 laude
851 1485 1076 1569 praestantior.
1091 1504 1117 1545 ra

110 1568 226 1634 merito
247 1570 309 1634 tibi
332 1591 408 1654 ergo
430 1573 505 1653 port
527 1572 647 1634 ceteras
670 1569 904 1668 appellationes
925 1569 1006 1634 haee
1028 1571 1079 1635 est

110 1652 221 1717 addita
247 1657 285 1718 ut
311 1655 421 1719 maior.
457 1655 564 1718 minus
592 1658 642 1719 est
674 1675 760 1718 emm
792 1658 1017 1738 rmperatorem
1045 1656 1078 1717 et

110 1736 281 1802 Caesarem
300 1741 333 1803 et
347 1739 529 1823 Augustum
548 1760 644 1823 quam
665 1739 812 1803 omnibus
832 1738 1077 1822 imperatoribus

109 1824 142 1886 et
169 1821 359 1887 Caesaribus
387 1825 419 1887 et
446 1822 602 1908 Augustis
637 1844 705 1888 esse
733 1823 906 1889 meliorem.
943 1823 1077 1906 ideoque

108 1905 163 1970 ille
178 1927 295 2003 parens
309 1906 474 1971 hominum
489 1908 683 1992 deorumque
705 1908 817 1991 optimi
836 1908 938 1994 prius,
961 1906 1075 1972 deinde
1088 1925 1114 1965 πο

108 1991 240 2054 maxrmi
267 1991 398 2055 nomine
427 1991 553 2056 oolitur.
591 2012 653 2076 quo
686 1993 879 2077 praeclarior
910 1992 979 2056 laus
1006 1995 1073 2074 tua,

108 2096 203 2158 quem
225 2096 292 2139 non
314 2076 420 2140 minus
443 2079 568 2141 constat
589 2077 745 2160 optimum
768 2098 836 2143 esse
858 2097 954 2160 quam
976 2076 1075 2139 maxi-

107 2180 205 2224 mum.
235 2162 399 2225 assecutus
427 2181 461 2226 es
489 2181 606 2225 nomeu
632 2161 717 2245 quod
745 2161 784 2225 ad
812 2161 910 2224 alium
936 2159 1075 2224 transire

108 2264 175 2308 non
195 2244 309 2327 possit,
337 2245 401 2308 nisi
417 2248 456 2310 ut
477 2250 629 2329 appareat
655 2245 690 2308 in
719 2244 803 2308 bono
830 2243 976 2327 principe
998 2242 1074 2306 alie-

107 2349 195 2410 num,
216 2329 253 2392 in
274 2328 359 2392 malo
381 2329 509 2414 falsum,
532 2329 614 2414 quod
630 2328 706 2392 lioet
720 2348 831 2392 omnes
850 2330 962 2411 postea
983 2346 1072 2391 usur·
1085 2345 1112 2386 rs

108 2416 203 2496 pent,
233 2433 359 2495 semper
386 2417 496 2478 tamen
524 2415 716 2498 agnoscetur
747 2415 785 2476 ut
816 2415 916 2476 tuum.
953 2411 1074 2476 etenim

107 2500 145 2560 ut
176 2497 307 2561 nomine
339 2499 479 2582 Augusti
510 2499 719 2563 admonemur
752 2497 819 2561 eius
852 2496 903 2561 cui
935 2496 1074 2580 primum

107 2580 250 2645 dicatum
276 2585 341 2666 est,
374 2581 422 2646 ita
447 2582 527 2647 haee
554 2583 668 2667 optimi
696 2581 869 2666 appellatio
898 2603 1073 2667 numquam

106 2666 277 2731 memoriae
304 2665 472 2731 hominum
499 2667 568 2731 sine
600 2670 633 2731 te
666 2670 827 2750 recurret,
862 2667 1074 2751 quotiensque

106 2751 227 2831 posteri
258 2750 363 2814 nostri
397 2752 554 2835 optimum
587 2751 725 2835 aliquem
757 2772 872 2816 uocare
906 2755 1071 2836 cogentur,
1086 2767 1112 2808 ³⁰

105 2833 227 2898 totiens
248 2835 504 2900 recordabuntur
524 2836 594 2919 quis
617 2835 769 2899 meruerit
790 2835 907 2899 uocari.

160 2917 339 2983 LXXXIX.
352 2919 479 2995 Quanto
491 2941 586 2999 nuno,
599 2920 671 2984 diue
682 2918 802 3002 Nerua,
819 2919 935 3004 gaudio
946 2918 1071 2997 frueris,

107 3024 180 3067 eum
191 3003 280 3067 uides
291 3005 323 3066 et
334 3025 403 3068 esse
416 3004 571 3087 optimum
586 3007 619 3067 et
636 3004 699 3068 diei
710 3024 804 3088 quem
815 3006 979 3087 tamquam
992 3002 1072 3085 opti·

105 3109 195 3151 mum
226 3086 368 3184 elegu‘sti!
399 3110 493 3172 quam
521 3088 641 3152 laetum
667 3088 729 3152 tibi
757 3088 842 3170 quod
870 3090 1073 3170 comparatus

105 3171 173 3235 filio
188 3174 244 3235 tuo
259 3173 413 3238 uruoeris!
443 3194 546 3256 neque
567 3173 654 3238 enim
674 3173 738 3237 alio
757 3173 862 3257 magis
877 3172 1110 3255 approbaturus

104 3297 228 3306 ..ι-μα--.
246 3297 308 3304 --.-

174 3347 273 3397 laute
292 3351 318 3396 te
337 3357 440 3408 marg
467 3340 478 3408 ll
507 3346 539 3395 10
555 3343 727 3409 diffinitequo
744 3347 771 3392 1
800 3341 810 3408 ll
845 3344 876 3393 ll
893 3343 947 3392 nisi
964 3342 1010 3404 qui
1029 3346 1073 3390 est

106 3413 233 3466 omnibus
250 3413 366 3479 'optimis
385 3412 414 3460 (ἔτ
435 3411 491 3460 nisi
513 3412 559 3475 qui
582 3415 625 3462 est
646 3411 764 3477 optimus
782 3411 823 3474 W,
847 3427 893 3462 om.
911 3410 931 3457 B
949 3411 971 3456 V
1000 3406 1009 3471 l
1038 3410 1072 3458 33

104 3481 161 3533 dici
180 3486 313 3549 tanquam
332 3479 461 3545 optimum
479 3493 558 3542 quem
578 3477 611 3529 el.
630 3480 648 3526 0

834 3561 868 3608 6*
