2294 3780
260 147 492 201 CONSTANTIO
511 148 666 201 CAESARI
684 149 717 200 D.
740 152 848 201 14-16.
976 151 1037 215 143

68 296 183 362 iniecit
208 297 319 394 ignes,
355 297 487 380 quinam
520 297 576 362 alii
606 298 673 363 nisi
701 297 879 363 diuinitatis
912 302 1037 364 uestrae

68 381 213 447 monitus
234 379 455 465 mpulerunt?
498 384 555 448 cut
576 403 658 466 quae
685 382 749 446 alie
774 383 857 447 ratio
878 385 1038 466 persuasit

68 464 196 531 nullum
211 464 410 549 praesidium
431 465 528 551 fugae
550 487 713 532 reseruare
734 487 795 531 nec
817 466 920 533 uereri
940 467 1037 532 dubia

68 549 228 617 bellorum
242 570 303 615 nec
317 548 466 632 Martem,
487 554 524 615 ut
538 550 665 635 dieitur,
682 553 796 634 putare
811 552 1035 617 communem?

68 633 135 699 nisi
154 632 241 719 quod
263 635 363 699 uestri
386 634 656 719 contemplatione
684 635 854 701 constabat
875 637 914 701 de
936 636 1062 701 uicto-s

67 718 118 783 ria
140 739 206 783 non
222 739 316 802 posse
337 718 506 784 dubitari?
526 741 594 785 non
614 720 663 784 illi
676 723 754 784 tune
775 721 924 804 calcares
940 722 1035 804 uires,

67 824 138 869 non
151 802 294 869 humane
306 803 433 885 robora,
456 802 513 868 sed
527 807 635 868 uestra
655 805 790 869 numine
805 806 1036 903 cogitauerunt.

92 887 236 972 reposito
261 887 484 972 qualicumque
504 888 626 972 proelio
648 892 768 953 certem
795 889 857 954 sib1
879 890 1036 973 spondere

67 910 235 1037 iirrtrnam
259 992 327 1037 non
349 975 416 1043 tem
443 976 493 1038 est
514 972 632 1038 fiducie
658 974 797 1039 militum
818 996 914 1058 quam
935 974 1035 1039 felici·

67 1060 121 1121 tas
140 1056 381 1153 imperatorum.
425 1057 495 1154 ipse
522 1056 578 1121 ille
603 1060 709 1122 autem
737 1059 872 1206 siffinifer
892 1057 1036 1155 nefariae
1048 1078 1076 1119 ιο

66 1141 220 1207 factionis
249 1162 306 1206 cur
334 1141 376 1206 ub
402 1162 440 1205 eo
466 1141 560 1206 htore
588 1143 672 1228 qued
699 1145 830 1207 teneat
857 1143 1037 1207 abscessrt‘?

68 1247 128 1291 cur
142 1225 479 1323 classem-portumque
493 1225 658 1291 deseruit?
681 1226 746 1291 nisi
760 1228 845 1311 quod
859 1229 902 1309 te,
920 1225 1036 1292 Caesar

65 1310 206 1393 inuicte,
236 1331 325 1375 curus
346 1312 550 1375 immmentia
576 1310 648 1375 uela
676 1315 899 1393 conspexerat,
928 1310 1036 1374 timuit

65 1394 284 1478 iamiamque
307 1398 486 1460 uenturum.
529 1397 701 1478 utcumque
722 1415 795 1459 cum
816 1394 948 1458 ducibus
970 1393 1036 1459 tuis

65 1478 182 1543 meluit
196 1479 334 1562 experiri
349 1500 444 1563 quam
458 1500 610 1564 praesens
630 1478 809 1544 maiestatis
824 1481 903 1543 tuae
911 1478 1036 1543 fulmen
1048 1494 1075 1536 re

66 1564 225 1647 excipere.
253 1563 384 1628 demens
405 1564 461 1648 qui
481 1563 657 1648 nesciebat,
679 1585 876 1647 quacumque
897 1563 1035 1648 fugeret,

65 1647 186 1732 ubique
206 1647 273 1713 uim
292 1650 418 1712 uestrae
433 1648 613 1713 diuinitatis
631 1669 710 1732 esse,
732 1648 787 1713 ubi
801 1648 910 1713 uultus
924 1647 1034 1727 uestri,

65 1731 123 1797 ubi
145 1732 174 1797 si
198 1753 241 1797 ne
263 1733 452 1798 colerentur.

132 1815 163 1880 X
195 1815 222 1880 Ι.
266 1815 313 1881 Te
339 1821 448 1881 temen
474 1816 529 1880 ille
555 1816 686 1902 fugiens
712 1816 827 1883 incidit
851 1817 886 1882 in
907 1820 1035 1882 tuorum

65 1921 192 1983 munus,
217 1924 238 1965 a
258 1905 292 1965 te
314 1901 417 1965 uictus
440 1922 460 1964 a
480 1901 545 1965 tuis
567 1902 759 1968 exercitibus
782 1923 952 1986 oppressus
975 1903 1033 1965 est.
1047 1920 1075 1961 rc

66 1985 205 2068 denique
228 1984 307 2050 adeo
329 1984 472 2068 trepidus
495 1988 528 2049 et
548 1989 581 2050 te
602 1990 677 2070 pest
695 1989 786 2071 terga
806 2009 858 2051 res
881 1987 981 2052 iciens
1003 1987 1037 2049 et

66 2070 103 2133 in
130 2068 259 2133 modum
286 2069 426 2135 amentis
453 2069 610 2134 attonitus
632 2071 817 2154 properauit
838 2010 880 2134 ai
898 2073 1036 2133 mortem

65 2156 105 2219 ut
125 2174 187 2219 uec
208 2153 377 2238 explicarit
398 2154 499 2218 aciem
526 2176 586 2218 nec
609 2175 721 2218 omnes
743 2155 850 2237 copias
872 2174 951 2236 quas
973 2157 1036 2215 tra-

66 2237 167 2302 hebat
187 2237 390 2319 instruxerit,
421 2239 476 2303 sed
500 2260 573 2303 cum
595 2237 755 2303 ueteribus
778 2237 864 2301 illius
892 2236 1036 2300 coniura-

67 2321 168 2387 tionis
190 2323 373 2387 auctoribus
396 2325 429 2388 et
449 2323 678 2388 mercennariis
701 2321 809 2386 cuneis
824 2319 1074 2384 barbarorumas

65 2407 152 2472 tanti
174 2409 346 2490 apparatus
367 2406 485 2472 oblitus
507 2407 644 2471 irruerit.
674 2406 763 2486 adee,
787 2405 914 2487 Caesar,
936 2403 1036 2469 etiam

66 2490 130 2556 hoc
151 2491 347 2575 reipublicae
368 2492 483 2557 tribuit
503 2494 611 2557 uestra
632 2490 770 2556 felicitas
792 2494 829 2554 ut
850 2509 945 2554 nemo
968 2488 1036 2553 fere

68 2574 231 2641 Romanus
252 2575 404 2641 occiderit
422 2577 558 2660 imperio
577 2577 728 2641 uincente
743 2575 901 2642 Romano.
923 2593 1035 2638 omnes

69 2659 154 2723 enim
176 2660 265 2743 illos,
295 2663 332 2724 ut
353 2660 463 2743 audio,
493 2682 622 2745 campos
645 2664 740 2809 Ἢ
765 2660 862 2725 eolles
883 2680 950 2723 nen
971 2657 1036 2722 nisi

66 2745 326 2808 taeterrimorum
351 2744 492 2809 hostium
521 2766 655 2829 corpora
734 2767 753 2808 a
775 2747 934 2809 texerunt.
979 2742 1076 2805 illaec

67 2827 206 2893 barbara
234 2832 291 2892 aut
319 2829 500 2894 imitatione
524 2828 690 2893 barbariae
718 2829 796 2893 alirn
823 2828 911 2891 cultu
936 2826 1035 2889 uestis

67 2914 101 2975 et
127 2912 252 2997 prolixo
287 2913 374 2978 crine
409 2913 591 2994 rutilantia,
629 2919 707 2979 tunc
740 2934 816 2977 uero
844 2910 976 2995 puluere
1004 2913 1037 2973 et

69 3084 272 3097 Ἦ..-

134 3204 150 3252 2
170 3203 339 3269 impulerunt
356 3203 433 3253 AW:
451 3201 600 3269 implerunt
616 3203 702 3253 ΒΗ
719 3200 729 3268 fl
746 3204 762 3253 6
780 3201 912 3268 uulgaret
930 3200 1035 3250 addidi:

65 3270 160 3321 cru-1
182 3268 193 3335 ll
222 3267 388 3337 rhumane]
407 3271 531 3322 Romana
548 3272 606 3322 edd.
630 3267 641 3336 ΙΙ
666 3272 697 3321 12
719 3269 838 3320 clausum
855 3270 879 3319 Δ
902 3265 912 3334 ΙΙ
937 3268 968 3318 15
986 3266 1037 3316 flu-

64 3334 186 3403 mencll
206 3339 238 3389 16
257 3338 400 3404 fugeretA
413 3339 429 3388 0
442 3337 534 3388 Bere:
551 3338 663 3404 fugerat
680 3338 775 3388 ΒΝ
791 3334 802 3403 {l
820 3339 851 3388 17
869 3352 903 3387 aa
921 3336 960 3385 ibi
977 3330 1037 3385 nul·

65 3408 113 3456 tus
130 3409 241 3457 uestros
258 3404 307 3456 ubi
325 3406 425 3470 signu?
453 3403 465 3472 ΙΙ
492 3407 528 3455 24
546 3404 621 3457 illiue
640 3407 715 3457 edet:
740 3403 797 3455 illie
814 3405 842 3452 Η
859 3403 933 3454 Bere.
964 3399 974 3466 li
1002 3401 1037 3449 26

64 3471 119 3525 hcc
138 3472 255 3523 etiamc
278 3470 289 3538 fl
312 3475 346 3525 30
363 3473 404 3523 ita
421 3471 470 3524 illa
487 3472 566 3526 barb.
584 3472 659 3524 Bm.
683 3469 694 3537 ΙΙ
717 3475 748 3524 31
768 3471 880 3536 cultas
