2294 3780
111 171 174 236 134
436 173 469 224 u.
496 170 645 223 mossur
664 170 745 222 eru.

41 380 43 385 .
109 322 224 386 uitium
245 342 305 386 nec
326 321 404 405 ipsis
426 323 553 384 tantum
570 319 710 383 fauoniis
733 322 764 383 et
785 320 856 384 luce
879 319 989 384 sedata
1011 319 1076 384 lae·

108 410 178 471 tum
200 409 296 490 atque
312 405 494 469 uenerabile
516 409 670 487 quantum
692 407 765 467 ortu
780 403 953 469 Caesarum
974 404 1076 468 maxi-

108 493 248 555 morum!
277 512 295 553 o
317 491 443 573 tempus
465 509 527 572 quo
549 489 662 552 merito
684 488 843 573 quondam
866 488 974 552 omnia
997 491 1077 553 nata

109 594 179 639 esse
213 573 398 656 credantur,
433 594 506 638 cum
541 572 651 637 eodem
685 594 771 636 nunc
806 573 994 637 confirmata
1028 575 1075 636 ui-

82 658 255 722 sdeamus!
300 678 319 720 o
341 657 497 722 kalendae
519 657 669 739 Martiae,
698 656 792 721 sicuti
820 656 897 721 olim
918 677 1077 722 annorum

108 742 322 825 uoluentium,
353 743 400 805 ita
429 763 516 806 nunc
543 745 743 805 aeternorum
771 742 914 824 auspices
941 742 1077 824 impera·

107 827 231 889 torum!
255 829 375 908 quanta
397 827 491 908 enim,
515 826 717 890 inuictissimi
734 826 906 909 principer,
930 829 962 889 et
983 825 1077 890 uobis

108 914 141 974 et
161 911 208 973 rei
230 911 376 993 publicae
399 911 524 974 saecula
541 910 727 994 propagatis
749 909 835 973 orbis
858 910 957 973 uestri
978 910 1077 992 parti·

109 994 244 1077 cipando
267 994 424 1059 tutelam?
463 995 551 1058 cuius
574 995 650 1058 licet
671 997 755 1058 esset
780 994 867 1058 omni
889 994 983 1058 hoste
1004 1015 1077 1077 per·

69 1097 96 1136 ro
109 1078 229 1142 domito
254 1081 338 1142 certa
361 1079 523 1161 securitas,
546 1079 663 1141 nimios
678 1082 787 1141 tamen
808 1079 843 1142 in
866 1079 992 1142 diuersa
1013 1078 1076 1142 dis-

108 1184 219 1227 cursus
241 1163 293 1226 uel
314 1163 482 1227 reuisenda
504 1163 664 1245 poscebat.
708 1161 827 1226 Partho
850 1163 968 1246 quippe
989 1162 1078 1226 ultra

107 1246 230 1332 Tigrim
253 1247 396 1330 redacto,
420 1247 520 1311 Dacia
541 1246 707 1327 restituta,
734 1248 889 1329 porrectis
912 1245 1078 1330 usquead

107 1331 248 1396 Danuuii
273 1335 370 1416 caput
393 1331 583 1396 Germaniae
605 1329 800 1477 Raetiaeque
822 1329 994 1413 limitibus,
1023 1329 1077 1394 de·

108 1416 228 1479 stinata
243 1415 395 1480 Batauiae
410 1415 659 1497 Britanniaeque
681 1415 736 1478 uin
760 1415 833 1493 icta,
857 1414 1077 1498 gubernacula

70 1516 95 1556 15
108 1501 229 1563 maiora
273 1501 426 1564 uaerebat
452 1504 546 1564 aucta
571 1502 665 1582 atque
693 1498 840 1583 augenda
863 1498 1077 1583 respublica,

109 1586 150 1663 et,
174 1584 228 1666 qui
249 1522 413 1647 bomanae
434 1584 597 1666 potentiae
620 1583 774 1646 terminos
796 1583 915 1648 uirtute
936 1583 1076 1666 protule-

107 1670 196 1748 rant,
219 1667 388 1750 imperium
409 1667 476 1731 filio
498 1667 617 1750 pietate
640 1666 808 1731 debebant.

171 1750 227 1814 IV.
255 1751 298 1814 Et
317 1772 394 1815 sane
417 1755 542 1834 practer
561 1772 653 1814 usum
676 1772 846 1835 curamque
867 1750 1077 1834 reipublicae

110 1832 206 1896 etiam
227 1833 283 1897 illa
297 1835 383 1898 Iouis
406 1838 438 1898 et
453 1834 600 1899 Herculis
617 1839 755 1919 cognata
770 1835 919 1899 maiestas
934 1834 970 1898 in
984 1835 1077 1901 Iouio

71 1933 96 1973 20
109 1915 324 2001 Herculioquc
345 1918 542 2002 principibus
564 1918 664 1982 totius
692 1920 802 1984 mundi
829 1919 1078 2004 caelestiumque

108 2022 214 2066 rerum
231 2001 472 2066 similitudinem
487 2002 679 2087 requirebat.
709 2004 826 2088 quippe
848 2005 911 2068 isto
933 2005 1078 2069 numinis

108 2085 208 2150 uestri
235 2107 370 2150 numero
398 2109 521 2151 summa
549 2087 656 2152 omnia
683 2088 832 2153 nituntur
860 2092 893 2152 et
914 2089 1076 2172 gaudent:

109 2170 267 2235 elementa
297 2174 447 2254 quattuor
481 2175 514 2237 et
540 2172 675 2236 totidem
706 2172 782 2235 anni
811 2173 898 2238 uices
930 2175 963 2235 et
990 2173 1078 2237 orbis

108 2255 334 2337 quadrifariam
371 2257 491 2340 duplici
528 2255 683 2321 discretus
722 2277 840 2320 oceano
879 2259 911 2320 et
946 2277 1077 2322 emenso

70 2343 221 2421 aquator
249 2341 336 2404 caelo
364 2341 466 2404 lustra
491 2341 658 2405 redeuntia
686 2343 718 2404 et
761 2341 912 2426 uadrigae
939 2341 1015 2404 solis
1046 2344 1078 2406 et

108 2424 231 2488 duobus
259 2425 339 2488 caeli
361 2425 535 2489 luminibus
565 2424 708 2488 adiuncti
731 2362 854 2507 iesper
884 2427 916 2488 et
937 2423 1075 2490 Lucifer.

109 2504 162 2568 sed
186 2528 289 2589 neque
312 2508 360 2570 sol
376 2508 445 2590 ipse
468 2529 570 2590 neque
594 2511 709 2572 cuncta
727 2507 831 2572 sidera
852 2508 1010 2573 humanas
1025 2530 1077 2574 res

108 2591 176 2651 tam
203 2593 356 2672 perpetuo
379 2591 500 2655 lumine
527 2591 695 2654 intuentur
722 2612 817 2673 quam
846 2615 903 2656 uos
926 2594 1075 2675 tuemini,

108 2672 163 2754 qui
186 2673 254 2735 sine
275 2673 342 2736 ullo
368 2672 436 2738 fere
458 2673 640 2739 discrimine
662 2674 785 2738 dierum
813 2699 851 2741 ac
872 2678 1018 2742 noctium
1039 2679 1077 2742 il·

69 2755 254 2820 aolustratis
286 2757 395 2821 orbem
431 2757 589 2840 salutique
621 2759 766 2843 gentium
798 2782 865 2825 non
896 2761 947 2824 his
980 2762 1077 2826 modo

108 2841 222 2923 quibus
250 2841 447 2907 immortales
475 2842 581 2906 uultus
609 2843 710 2907 uestri
736 2845 864 2928 uigent,
895 2845 950 2909 sed
973 2847 1076 2910 multo

177 3012 190 3060 l
210 3013 328 3061 fauoniis
346 3014 420 3062 edd„-
444 3012 554 3063 fauonis
571 3015 599 3061 Η
618 3011 744 3076 (tationis
760 3014 805 3078 W)
825 3013 829 3078 1
857 3016 952 3065 sedata
969 3019 1079 3082 scripsi:

108 3082 200 3127 serata
212 3081 240 3126 H
258 3094 355 3128 serena
368 3082 407 3128 uel
419 3084 547 3130 serenata
559 3083 618 3131 edd.
636 3078 646 3145 ΙΙ
663 3083 679 3130 4
700 3081 772 3132 conf.
785 3081 808 3129 A
819 3081 911 3133 Bert:
930 3082 1003 3133 conf.
1016 3099 1079 3135 csse

108 3151 168 3194 cett.
188 3141 198 3208 ΙΙ
215 3146 230 3194 8
249 3145 362 3195 saecula
379 3145 412 3194 W
423 3145 511 3197 Bert:
531 3147 616 3198 seculi
634 3150 657 3196 A
674 3164 720 3199 om.
738 3149 841 3211 Bcvl
858 3151 1020 3215 propagatis
1038 3165 1077 3200 w:

108 3212 295 3330 artati?
308 3212 382 3327 ‘iii'
405 3210 615 3333 'tttttt
629 3215 877 3348 itt‘ttttt
886 3215 1080 3350 t¹1⁵tttt⁰d

109 3346 184 3397 orbis
201 3347 224 3395 A
235 3347 268 3396 W
278 3296 369 3401 dia..-
387 3364 434 3399 om.
447 3350 467 3398 B
481 3352 498 3399 (t
511 3350 531 3398 V
550 3347 560 3416 ΙΙ
576 3352 611 3400 24
629 3348 667 3416 et]
688 3355 720 3400 nt
730 3350 753 3398 A
767 3349 772 3414 Ι
787 3366 912 3401 remenso
924 3351 999 3407 Bert.
1017 3349 1028 3416 ss
1044 3354 1078 3403 25

107 3412 196 3464 lustra
215 3414 360 3474 redeuntia
372 3430 408 3466 w:
428 3418 548 3470 lustrare
565 3417 677 3469 deuntia
696 3416 823 3483 (deuncia
836 3419 859 3467 A
870 3418 900 3482 c)
914 3418 941 3466 Μ
958 3417 968 3484 ΙΙ
987 3423 1017 3470 31
1037 3420 1077 3470 ui-

107 3477 188 3548 gent]
207 3482 333 3547 igentia
