2294 3780
270 111 524 166 CONSTANTINO
542 113 715 166 AUGUSTO
734 116 767 165 D.
785 117 876 169 8-10.
998 116 1056 180 167

86 261 162 326 bilis
190 261 363 327 multitudo
389 262 473 327 lacte
500 262 639 327 distenta
670 267 702 327 et
732 268 846 328 onusta
874 265 1045 332 uelleribus

84 349 175 411 carte
198 346 341 444 quidem,
372 349 566 444 quopropter
587 349 634 412 ibi
655 347 722 411 uita
744 346 907 433 diligitur,
937 350 1044 435 longis

1047 317 1056 350 7

86 431 189 495 simae
216 431 283 496 dies
310 435 343 495 ot
363 431 472 495 nullae
501 453 569 495 sine
598 432 705 516 aliqua
727 433 797 497 luce
824 437 950 512 noctes,
981 435 1057 499 dum

85 515 144 580 illa
172 515 303 579 litorum
331 518 474 580 extrema
500 516 653 599 planities
683 538 751 581 non
779 517 898 581 attollit
927 519 1056 583 umbras

85 601 256 684 noctisque
284 602 404 664 metam
432 599 512 665 caeli
540 603 572 664 et
594 600 733 665 siderum
758 602 876 666 transit
898 606 1082 686 aspectus‚s

86 688 123 748 ut
144 684 195 748 sol
216 685 285 769 ipse
313 684 367 768 qui
395 684 489 748 nobis
515 685 642 748 uidetur
670 686 811 750 occidere
834 687 879 750 ibi
902 691 1057 771 appareat

86 768 270 852 praeterire.
314 768 347 832 di
368 769 462 850 boni,
494 768 652 853 quidhoc
680 769 834 854 estquod
863 793 988 855 semper
1017 794 1056 837 en

84 853 196 938 aliquo
219 874 366 938 supremo
388 853 453 917 fine
473 854 585 918 mundi
607 875 693 918 noua
715 853 808 918 deum
831 856 965 919 numina
987 858 1056 921 uni·

85 959 180 1003 uerso
204 938 273 1003 orbi
294 937 426 1002 colenda
446 937 667 1002 descendunt?
691 938 737 1002 sic
752 938 928 1005 Mercurius
946 941 1056 1005 aNilo

84 1022 177 1087 euius
200 1022 350 1107 ¹fluminis
383 1022 474 1107 origo
508 1023 665 1104 nescitur,
700 1023 744 1086 sic
770 1023 866 1088 Liber
898 1024 937 1089 ab
966 1024 1056 1090 Indis
1070 1045 1095 1084 ro

84 1128 186 1190 prope
210 1107 345 1171 consciis
368 1105 443 1170 solis
466 1107 599 1170 orientis
622 1106 697 1171 deos
720 1128 754 1170 se
776 1109 926 1191 gentibus
949 1113 1055 1175 osten-

85 1192 162 1256 dere
185 1195 381 1274 praesentes,
408 1191 585 1255 sacratiora
607 1194 683 1255 sunt
704 1191 848 1274 profecto
871 1192 1055 1258 mediterra-

83 1276 156 1340 neis
178 1275 249 1340 loca
269 1276 378 1340 uicina
401 1275 490 1339 caelo
512 1278 544 1339 et
566 1275 640 1338 inde
658 1276 789 1359 propius
812 1276 894 1339 adis
914 1276 1056 1341 mittitur

84 1361 261 1445 imperator
282 1359 338 1424 ubi
360 1362 447 1424 terra
468 1359 588 1423 finitur.

149 1442 190 1508 X.
235 1443 441 1528 Imperatoris
463 1443 563 1530 igitur
585 1443 669 1507 filius
693 1446 726 1507 et
746 1444 829 1507 tanti
852 1443 1053 1527 imperatoris
1068 1463 1093 1503 15

83 1539 119 1593 et
138 1528 150 1592 i
190 1531 289 1594 etam
306 1528 446 1594 feliciter
467 1529 601 1612 adeptus
621 1529 791 1611 imperium
806 1528 965 1611 quomodo
987 1550 1055 1593 ram

83 1614 152 1697 pub
168 1615 248 1678 'eam
269 1613 434 1678 uindicare
457 1612 613 1698 coepisti?
647 1612 839 1698 ignobilem,
863 1613 972 1696 eredo,
997 1613 1055 1678 ali·

84 1719 182 1781 quam
206 1699 416 1763 barbarorum
444 1719 590 1778 manum,
624 1719 706 1780 quae
734 1698 902 1781 repentino
931 1700 1054 1782 impetu

84 1786 119 1847 et
139 1783 316 1866 improuiso
331 1783 499 1847 latrocinio
521 1787 609 1846 ortus
624 1783 673 1845 tui
694 1783 837 1867 auspicia
854 1784 1054 1866 temptasset,

83 1867 220 1932 affecisti
241 1889 347 1951 poena
366 1867 566 1931 temeritatis.
597 1888 688 1951 rages
710 1867 797 1951 ipsos
811 1866 976 1952 Franciae,
999 1868 1054 1952 qui
1067 1884 1093 1925 ὀ

83 1973 143 2034 per
172 1952 352 2016 absentiam
382 1952 484 2035 patris
511 1952 560 2015 tui
592 1972 705 2035 pacem
738 1952 953 2034 uiolauerant,
987 1974 1054 2017 non

84 2035 241 2100 dubitasti
273 2035 395 2100 ultimis
424 2037 538 2120 punire
572 2037 780 2114 cruciatibus,
817 2035 900 2099 nihil
931 2036 1053 2100 ueritus

84 2121 193 2205 gentis
217 2120 302 2184 illius
325 2120 397 2184 odia
418 2121 572 2204 perpetua
595 2123 627 2183 et
648 2120 857 2203 inexpiabiles
880 2119 953 2182 irae.
997 2140 1054 2182 cur

84 2204 171 2269 enim
200 2205 298 2268 ullam
328 2207 454 2288 reputet
481 2206 585 2268 iustae
612 2205 792 2267 seueritatis
819 2203 972 2266 offensam
995 2203 1053 2266 ini·

84 2292 215 2373 perator
236 2288 290 2373 qui
313 2289 397 2372 quod
418 2289 496 2353 fecit
518 2288 600 2352 tueri
621 2287 755 2370 potest?
788 2290 859 2350 tuta
881 2286 1053 2350 clementia
1066 2303 1091 2345 as

83 2376 135 2437 est
155 2394 236 2458 quae
251 2373 356 2456 parcit
376 2374 514 2437 inimicis
537 2375 570 2436 et
584 2372 645 2436 sibi
666 2373 770 2456 magis
784 2371 940 2454 prospicit
957 2392 1053 2454 quam

83 2454 1053 2607 lttttitttUtlttttlffi'lattatttltlllt

84 2630 137 2690 tus
159 2591 284 2690 ut'non
307 2564 417 2690 aibant
438 2631 470 2690 et
485 2626 661 2710 quiescant.
693 2625 816 2690 cautior
836 2625 911 2689 licet
933 2624 975 2688 sit
997 2625 1052 2707 qui

83 2709 252 2775 deuinctos
274 2709 374 2774 habet
395 2711 492 2775 uenia
514 2710 706 2794 perduelleS,
735 2710 849 2774 fortior
870 2713 979 2773 tamen
1002 2712 1051 2773 est
1065 2725 1091 2765 ³0

82 2795 139 2879 qui
155 2795 257 2859 calcat
272 2795 379 2859 iratos,
404 2795 579 2876 renouasti,
602 2796 784 2877 imperator,
805 2797 944 2857 ueterem
962 2792 1052 2857 illam

152 3035 169 3082 2
188 3037 355 3098 quapropter
371 3035 467 3097 scripsi
483 3036 498 3083 1.
519 3036 535 3082 l.
551 3049 579 3097 p.
593 3034 658 3083 218:
676 3038 789 3097 proptor
804 3035 832 3080 Η
850 3030 921 3096 quod
939 3034 1052 3096 propter

85 3104 126 3151 ael
143 3106 256 3166 propter
274 3101 346 3165 quod
366 3103 424 3152 edd.
461 3101 465 3164 l
494 3100 817 3151 ibiaddidiit.:om.1
844 3096 850 3164 Ι
881 3098 967 3149 uitam
984 3111 1009 3147 w
1037 3095 1049 3165 ll

83 3168 100 3217 4
117 3165 181 3285 illa]
201 3168 309 3218 illorum
327 3168 401 3222 Bert.
424 3167 433 3232 ΙΙ
456 3170 486 3218 12
505 3169 652 3218 secretiora
670 3169 687 3215 c
706 3165 713 3232 l
731 3165 940 3218 mediterraneis
952 3166 1052 3216 Rhena—

84 3251 145 3286 nus:
184 3236 204 3286 ii
223 3235 287 3298 (diis
300 3235 335 3299 w)
348 3236 480 3285 terraneis
492 3238 520 3283 Η
531 3233 541 3300 ΙΙ
556 3238 587 3286 13
605 3235 733 3300 proprius
744 3232 795 3282 AB
808 3231 818 3299 ll
832 3236 863 3285 15
881 3234 966 3299 igitur
979 3232 1053 3285 filius

84 3304 203 3353 attacti
222 3304 395 3368 imperatoris
413 3304 524 3354 iterutA
541 3301 551 3366 l
570 3305 600 3353 17
620 3301 740 3366 aliquam
759 3315 796 3351 w:
816 3301 975 3365 aliquem!
992 3299 1002 3365 l
1021 3302 1051 3350 18

85 3386 195 3421 manum
214 3386 281 3436 quae
298 3385 336 3420 w:
355 3386 495 3434 manumq3
514 3370 540 3417 Ι
565 3368 575 3434 ΙΙ
598 3372 631 3420 23
649 3373 783 3434 perpetuo
801 3386 847 3420 oni.
866 3371 883 3417 c
905 3367 915 3434 ll
938 3370 970 3419 ‘25
988 3373 1053 3419 tuta

84 3434 234 3489 Liuineius:
253 3444 302 3489 tua
320 3440 346 3487 Ι
363 3437 373 3503 ΙΙ
391 3441 424 3489 30
441 3435 534 3502 uenia]
552 3437 686 3501 perueuia
704 3439 722 3484 c
