2294 3780
116 149 177 213 142
440 151 472 205 v,
501 149 652 202 lucsnrr
670 149 750 200 ran.

114 300 239 365 Palatio
267 298 410 364 residens
433 298 566 383 gerendi
594 298 661 362 eius
683 296 870 362 mandasset
894 297 1084 383 auspicium,

114 385 214 449 ueluti
232 384 349 469 longae
371 384 464 446 nauis
485 381 710 466 gubernaculis
733 381 966 465 praesidentem
981 382 1084 447 totius

114 468 337 533 uelificationis
361 469 393 530 et
414 487 524 531 cursus
538 466 674 550 gloriam
695 465 848 531 meruisse
862 468 1000 531 testatus
1022 469 1082 531 est.

115 556 149 618 at
173 553 257 617 enim
280 555 332 632 tu,
356 549 473 616 Caesar
494 550 629 632 inuicte,
655 551 759 615 omnis
780 551 873 615 istius
896 554 928 615 et
948 550 1084 636 nauiga-

89 638 214 700 ationis
237 641 269 699 et
283 635 360 699 belli
382 657 448 699 non
462 634 557 698 modo
580 655 638 718 pro
652 634 779 718 imperii
800 635 868 699 inre
883 639 1083 719 praeceptor,

115 720 171 784 sed
192 719 286 784 rebus
308 720 321 782 i
344 719 387 783 sis
410 723 442 783 et
464 719 609 802 exemplo
633 719 833 783 constantiae
847 722 921 783 tuae
935 719 1086 785 hortator·

86 821 89 825 ·
114 812 211 888 atque
232 804 299 887 imp
335 824 386 867 sor
405 802 505 868 fuisti.
534 803 623 887 prior
644 803 800 887 siquidem
823 802 1083 869 aGesoriaoensi

113 889 207 953 litore
244 889 389 971 quamuis
421 888 580 952 feruidum
615 888 762 953 inuectus
795 908 950 952 occanum
983 888 1083 952 ctiam

114 972 162 1036 illi
189 973 341 1037 exercitui
366 976 439 1054 tuo,
475 994 568 1053 quem
595 971 744 1055 Sequana
771 973 874 1036 amnis
902 972 1084 1055 inuenerat,

77 1080 101 1119 ιο
114 1056 357 1122 irreuccabilem
394 1057 534 1121 iniecisti
570 1056 687 1121 mentis
727 1056 888 1137 ardorem,
931 1056 1009 1121 adeo
1045 1061 1084 1122 ut

116 1140 340 1207 cunctantibus
362 1141 467 1206 adhuc
490 1140 639 1222 ducibus,
662 1140 749 1205 caelo
771 1144 805 1206 et
824 1140 908 1205 mari
928 1140 1082 1223 turbidis,

113 1226 198 1290 ultro
221 1227 349 1311 signum
371 1224 589 1311 nauigationis
612 1228 814 1309 exposceret,
844 1225 1000 1309 quaedam
1022 1224 1083 1289 mi·

113 1312 207 1375 nscia
237 1311 457 1376 indubitanter
490 1311 584 1395 signa
616 1312 850 1393 contemneret,
887 1309 938 1373 dic
969 1309 1083 1394 pluuio

114 1396 187 1460 uela
203 1395 332 1477 faceret,
356 1398 501 1479 uentum,
523 1395 598 1479 quia
614 1393 757 1458 derectus
779 1415 848 1458 non
870 1397 948 1476 erat,
972 1397 1083 1478 capta-

76 1501 101 1542 rs
114 1482 164 1543 ret
183 1480 248 1544 obli
271 1501 356 1543 uum.
401 1481 472 1563 quis
499 1480 586 1544 enim
614 1500 647 1542 sc
670 1477 846 1562 quamlibet
867 1478 977 1562 iniquo
998 1477 1084 1543 mari

114 1584 181 1627 non
204 1502 334 1627 auderet
355 1564 482 1627 credere
503 1566 536 1626 te
558 1562 757 1646 nauigante?
798 1563 954 1646 omnium,
976 1565 1013 1627 ut
1034 1562 1082 1627 di·

115 1647 208 1729 citur,
237 1650 369 1731 accepto
396 1647 510 1712 nuntio
538 1647 757 1731 nauigationis
778 1649 854 1712 tune
875 1668 941 1711 una
962 1668 1027 1711 uox
1049 1649 1085 1711 et

114 1730 254 1794 hortatio
276 1732 355 1795 fuit:
379 1731 466 1815 equid
482 1730 687 1795 dubitamus?
708 1731 784 1816 quid
804 1730 988 1796 moramur?
1010 1731 1084 1815 ipse

113 1815 178 1877 iam
206 1814 317 1897 soluit,
346 1815 411 1878 iam
432 1814 634 1897 prouehitur,
662 1815 728 1879 iam
755 1815 894 1880 fortasse
921 1816 1082 1899 peruenit.

74 1919 100 1960 20
115 1898 315 1994 experiamur
342 1899 449 1962 omnia
455 1948 465 1981 ,
493 1920 551 1982 per
578 1919 791 1983 quoscumque
815 1900 930 1964 fluctus
957 1921 1081 1965 eamus.

114 1983 189 2066 qurd
207 1986 257 2047 est
275 1982 358 2066 quod
374 1982 487 2047 timere
501 1983 681 2066 possimus?
705 1983 874 2050 Caesarem
894 1983 1081 2068 sequimur?

177 2065 247 2132 XV.
297 2066 366 2132 Nec
393 2067 509 2133 fefellit
536 2067 645 2152 opinio
672 2071 799 2133 uestrae
825 2068 1009 2152 felicitatis,
1039 2069 1083 2133 si·

114 2152 249 2236 quidem,
273 2155 309 2217 ut
331 2173 370 2216 ex
392 2152 532 2237 ipsorum
550 2153 709 2237 relatione
733 2153 954 2236 comperimus,
983 2152 1086 2219 adid

112 2240 240 2322 tempus
260 2237 367 2323 ipsum
380 2240 489 2303 tantae
511 2259 545 2302 se
561 2237 654 2302 dorso
670 2237 768 2301 maris
790 2237 926 2302 nebulae
946 2238 1083 2302 miscue-

74 2328 189 2386 ssrunt
220 2325 257 2387 ut
290 2323 421 2388 inimica
455 2323 564 2387 classis
598 2324 676 2406 aput
705 2320 841 2387 Uestam
873 2321 1013 2386 insulam
1044 2321 1083 2386 in

113 2407 249 2488 speculis
272 2411 369 2490 atque
390 2407 515 2471 insidiis
538 2406 692 2471 collocata
706 2406 928 2491 ignorantibus
948 2403 1084 2471 omnino

113 2488 257 2552 hostibus
282 2492 510 2573 praeteriretur
540 2512 601 2554 nec
628 2490 680 2555 uel
706 2494 885 2555 moraretur
911 2490 957 2554 im
979 2494 1081 2573 etum,

113 2572 257 2717 puamuis
278 2595 345 2637 non
366 2576 475 2657 posset
497 2573 662 2638 obsistere.
701 2574 766 2638 iam
788 2596 865 2640 uero
887 2597 930 2658 qu
993 2572 1082 2639 idem

113 2655 166 2719 ile
188 2658 295 2720 uestro
317 2656 458 2739 auspicio
485 2657 623 2721 inuictus
652 2660 821 2740 exercitus,
849 2660 961 2724 statim
982 2662 1081 2742 atque

113 2737 301 2805 Britanniae
327 2740 403 2805 litus
433 2741 611 2825 inuaserat,
649 2742 808 2809 uniuersis
840 2743 979 2809 nauibus
1013 2744 1081 2807 suis

113 2896 315 2906 ἣ...-

180 2998 195 3047 'l
213 2997 288 3060 prior
304 3013 350 3047 orn.
363 3000 381 3045 c
396 2993 401 3062 Ι
416 3013 433 3046 a
451 2996 643 3049 Gesoriacensi
658 2999 804 3049 Liuineius:
824 3014 841 3048 a
858 2998 1081 3063 gesorigiacensi

111 3060 186 3114 Bert.
208 3066 298 3128 magis
316 3065 485 3129 origiacansi
502 3065 529 3113 ll
553 3067 614 3130 agis
635 3066 802 3130 origiacensi
819 3079 844 3113 w
873 3065 883 3132 11
912 3068 929 3116 9
951 3080 1032 3130 quem
1049 3066 1081 3115 in

112 3126 268 3192 Sequanam
286 3144 311 3179 w
326 3129 330 3194 Ι
346 3131 472 3197 Sequana
491 3133 579 3183 amnis
596 3133 728 3197 Hauptius
745 3134 834 3188 Herm.
853 3134 902 3184 IV
912 3150 940 3198 p.
953 3136 1019 3184 151.-
1037 3147 1080 3183 ss·

112 3211 229 3261 quanam
246 3197 303 3248 nisi
313 3201 341 3248 Η
351 3197 425 3250 Bert.
439 3198 449 3264 ΙΙ
467 3202 498 3250 12
518 3203 694 3266 exposceret
711 3198 721 3266 ΙΙ
739 3203 770 3252 13
788 3200 978 3252 indubitanter
995 3201 1079 3266 signa

110 3265 219 3328 scripsi:
241 3265 389 3316 uidebatur
413 3268 494 3332 signa
515 3270 542 3315 B
564 3265 660 3332 (signa
683 3267 830 3320 uidebatur
850 3266 881 3329 0)
903 3269 984 3334 signa
1006 3284 1078 3333 quac

112 3331 278 3382 uidebantur
290 3334 348 3383 edd.
363 3332 368 3394 1
385 3340 577 3399 contempnere
587 3337 621 3384 W
632 3332 642 3401 ΙΙ
657 3337 689 3385 14
698 3336 803 3386 derect.
813 3336 849 3386 A:
857 3336 953 3387 direct.
964 3336 1078 3384 ΜΠ

113 3396 126 3464 Η
147 3402 178 3451 17
195 3400 293 3450 nuntio
311 3415 358 3450 om.
370 3400 392 3448 Δ
405 3397 414 3464 ΙΙ
429 3403 459 3451 18
477 3401 664 3469 fueritdllzd
681 3404 710 3454 id
728 3405 833 3455 addidi:
851 3420 898 3455 om.
910 3400 1005 3468 ¹l²7
1024 3417 1078 3454 nec

109 3467 158 3519 uel
176 3467 398 3533 Eyssenhardtos:
417 3483 452 3519 ne
469 3468 515 3519 uel
532 3471 560 3518 m
