2294 3780
287 137 519 193 cousraurro
538 139 693 193 causam
711 140 744 191 n.
767 144 843 198 a-s.
987 141 1047 207 137

79 286 155 351 silio
190 307 251 352 nea
286 287 456 352 insultauit
490 288 648 354 elemento
683 293 720 354 ut
754 311 821 354 non
858 298 1049 374 prouocaret

79 371 206 454 odium,
235 370 291 435 sed
313 375 487 437 mereretur
513 373 708 457 obsequium.
754 373 830 458 quid
853 377 938 439 enirn
961 377 1046 441 aliud

78 457 339 540 interpretemur,
363 477 445 540 amn,
471 458 580 522 statim
602 462 697 543 atque
719 458 918 524 obsidionem
939 482 1047 525 neces·

79 541 160 605 sitas
194 543 227 604 et
256 540 444 605 elementiae
476 545 601 607 uestrae
632 543 711 607 fides
745 543 899 627 soluerat,
937 545 1047 609 eadem

78 625 221 690 claustra
242 626 298 708 qui
314 625 436 709 prImus
458 625 605 690 incubuit
627 632 734 692 aestus
754 629 903 712 irruperit
917 632 1077 713 totaques

77 710 147 793 illa,
170 707 275 793 quoad
297 731 373 774 usus
389 709 462 793 fuit,
485 711 607 774 inuicta
622 711 773 777 fluctibus
796 714 881 777 acies
896 714 1046 779 arborum

78 794 182 859 ueluti
204 793 297 878 signo
319 793 394 859 dato
416 797 450 858 et
466 798 596 878 peracta
617 797 756 861 statione
779 797 902 881 dilapsa
925 798 990 862 sit?
1011 803 1048 862 ut

77 899 175 943 nemo
198 877 359 943 dubitaret
386 882 514 963 portum
541 879 647 960 illum,
676 882 731 965 qui
752 881 890 965 piratae,
917 904 959 947 ne
981 883 1047 947 suis

78 984 176 1047 opem
202 962 316 1046 ferret,
350 963 495 1027 occlusus
523 962 652 1046 fuisset,
687 965 779 1029 uobis
808 966 849 1029 ad
875 967 1046 1032 uictoriam

76 1049 197 1196 plpptqqe
218 1047 558 1196 patqislsiataptqtutisset
574 1049 692 1198 'enimgu
700 1049 817 1198 {apaan
838 1051 968 1148 inuicte,
990 1051 1046 1116 illo
1060 1075 1091 1115 ru

193 1152 269 1196 sae
305 1153 377 1197 eci
429 1153 655 1198 rsuae1me
729 1155 816 1198 oum
862 1157 896 1198 er
940 1158 951 1198 1
1035 1175 1047 1186 -

76 1216 171 1280 tinuo
192 1215 311 1280 ballum
355 1217 420 1281 nisi
442 1157 647 1283 aedificandis
669 1218 806 1282 nauibus
829 1156 1046 1302 ebrigienipiis
1071 1226 1074 1231 “

77 1301 126 1364 rei
148 1266 351 1365 necessitato
372 1304 534 1366 suasisset.
563 1324 624 1385 quo
639 1305 748 1366 tamen
770 1303 857 1366 omni
872 1324 1047 1385 numquam

77 1385 120 1449 ab
143 1405 251 1450 eorum
267 1384 409 1450 hostium
432 1387 596 1451 euersione
619 1389 777 1451 cessatum
799 1388 848 1450 est
868 1408 948 1469 quos
966 1387 1046 1450 adiri

78 1469 250 1534 continens
272 1473 359 1534 terra
380 1471 536 1554 permisit.
1059 1492 1087 1533 u>

143 1552 235 1619 VIII.
287 1553 485 1639 Quamquam
517 1555 574 1619 illa
606 1555 695 1641 regib
723 1554 840 1620 diuinis
872 1554 1045 1640 expeditio-

76 1638 175 1704 nibus
196 1639 278 1722 tuia,
307 1638 423 1705 Caesar
430 1688 438 1720 ,
468 1640 630 1704 uindicata
656 1643 751 1724 atque
772 1643 922 1724 purgata,
950 1662 1047 1723 quam

77 1724 145 1789 obli
168 1723 218 1787 uis
239 1724 397 1789 meatibus
408 1723 544 1790 Vahalis
563 1724 720 1789 interfluit
734 1746 892 1809 quamque
908 1724 1045 1788 diuortio

78 1809 131 1873 sui
208 1829 286 1873 enus
309 1809 526 1893 amplectitur,
556 1831 674 1894 paene,
701 1812 738 1875 ut
758 1831 827 1874 eam
852 1809 942 1873 uerbi
964 1809 1045 1892 peri-

78 1893 152 1958 culo
171 1893 291 1978 loquar,
312 1896 399 1958 terra
420 1916 485 1959 non
507 1896 571 1958 est:
600 1895 646 1959 ita
670 1896 798 1978 penitus
820 1894 910 1978 aquis
932 1893 1088 1957 inbutam

76 1978 261 2063 permaduit
284 1981 319 2042 ut
340 2000 406 2043 non
427 1978 531 2043 solum
553 1999 616 2061 qua
635 1980 802 2043 manifeste
824 1979 977 2062 palustris
997 1982 1047 2040 est

78 2062 173 2128 aedat
204 2062 244 2127 ad
272 2063 379 2127 nisum
412 2067 445 2126 et
471 2062 601 2128 hauriat
627 2084 738 2147 pressa
770 2062 958 2146 uestigium,
991 2060 1047 2124 sed

78 2147 178 2212 etiam
200 2146 255 2211 ubi
277 2147 373 2231 paulo
402 2148 528 2211 uidetur
550 2147 671 2210 firmior
691 2147 808 2229 pedum
830 2145 923 2228 pulsu
945 2149 1047 2227 temp·

76 2234 151 2297 tata
171 2231 334 2315 quatiatur
361 2234 394 2296 et
416 2233 534 2296 sentire
559 2253 592 2295 se
615 2231 725 2314 procul
747 2234 834 2293 mota
854 2228 978 2310 pondus
1000 2231 1046 2290 te·

77 2320 192 2383 stetur.
227 2315 282 2398 ita,
305 2320 341 2380 ut
361 2336 413 2379 res
436 2323 495 2399 est,
518 2314 756 2379 subiacentibus
778 2313 904 2375 innatat
925 2317 958 2374 et
980 2332 1046 2374 sus·
1059 2330 1087 2372 aa

76 2422 181 2485 pensa
196 2400 262 2464 lata
277 2399 415 2479 uacillat,
438 2403 474 2464 ut
488 2400 602 2463 merito
620 2399 691 2482 quis
707 2397 822 2461 dixerIt
837 2394 1047 2461 exercendum

76 2484 180 2549 fuisse
207 2484 267 2548 tali
294 2483 362 2548 solo
394 2484 529 2548 milstem
562 2484 602 2548 ad
629 2482 743 2547 nauale
777 2485 947 2546 certamen.
991 2480 1047 2544 sed

76 2590 184 2653 neque
203 2569 279 2632 illas
293 2568 421 2632 fraudes
436 2568 579 2633 locorum
598 2589 658 2633 nea
673 2588 754 2651 quae
769 2566 906 2650 plurima
921 2565 1048 2629 inerant

77 2653 232 2739 perfugia
264 2652 417 2717 siluarum
448 2653 600 2718 barbaros
629 2656 737 2737 tegere
765 2654 939 2735 potuerunt
971 2670 1047 2797 quo-

76 2738 187 2802 minus
222 2737 341 2802 dicioni
370 2739 444 2801 tuae
478 2737 657 2802 diuinItatis
689 2757 799 2800 omnes
833 2757 902 2801 sese
933 2735 971 2797 de
994 2755 1047 2797 ere
1060 2754 1086 2794 aa

150 2928 167 2976 b
185 2926 311 2976 incubuIt
328 2925 372 2974 W:
390 2925 515 2976 insubuit
532 2928 555 2974 A
571 2925 681 2976 insi1uit
698 2924 781 2973 MV
804 2920 814 2987 ΙΙ
835 2925 850 2973 1)
870 2923 955 2972 ferret
972 2923 1048 2972 adds
1097 2935 1101 2943 ·

80 2994 191 3044 serrant
202 2994 230 3041 Π
247 2990 257 3058 ΙΙ
276 2995 307 3044 10
321 2990 405 3059 anim]
421 2993 560 3044 enimuero
573 2994 705 3043 Liuineius
718 2993 803 3042 etiam
816 2991 971 3041 Arnczenius
987 2987 997 3052 ΙΙ
1015 2991 1048 3040 13

79 3062 157 3111 omni
174 3065 297 3125 tempora
317 3075 407 3124 namq.
425 3074 450 3108 w
508 3062 539 3111 18
557 3059 678 3110 Uahalis
695 3060 799 3109 lunius:
822 3058 911 3108 caldis
932 3058 955 3104 A
973 3057 1048 3111 Bert.

78 3127 184 3179 sealdis
200 3127 235 3175 W
252 3127 350 3178 calidis
367 3129 387 3176 B
405 3129 422 3176 (1
440 3128 462 3175 V
506 3142 671 3191 quamquam
690 3127 745 3177 diu.
763 3126 823 3175 AB
847 3123 857 3190 ΙΙ
881 3127 913 3175 21
936 3140 990 3189 qua
1008 3137 1047 3174 w:

80 3211 165 3262 qnam
182 3197 210 3244 Η
229 3194 329 3260 (quiB)
343 3192 399 3260 1122
416 3195 506 3245 uisum
515 3192 636 3259 11114
655 3195 778 3261 quatitur
789 3207 813 3242 w
830 3192 834 3254 Ι
849 3193 955 3259 pondus
974 3197 1048 3242 mota

80 3278 107 3313 w
165 3265 198 3313 25
217 3264 297 3329 aquia
315 3262 523 3313 subiacentibus
541 3276 566 3310 w
589 3261 599 3328 I
623 3265 655 3313 27
674 3262 724 3312 tali
743 3260 800 3312 salu
820 3260 907 3310 milita
926 3273 963 3309 w:
982 3259 1048 3308 talis

79 3330 134 3394 (tal
147 3331 170 3381 'a
188 3328 216 3395 (t)
234 3331 293 3382 solo
311 3330 400 3380 milita
418 3331 445 3378 11
466 3328 477 3394 u
500 3333 533 3382 28
550 3329 669 3396 plurima
685 3331 825 3394 Jaeperua:
844 3327 924 3393 plura
943 3329 970 3374 n
984 3325 989 3390 Ι
1003 3325 1048 3375 in-

79 3403 161 3449 erant
177 3398 253 3449 AW:
271 3397 415 3449 inhereant
432 3395 539 3462 BGVII
556 3401 589 3450 30
607 3412 668 3449 sese
686 3396 783 3448 dedere
802 3396 865 3445 GV:
885 3393 1013 3445 resedere
1025 3392 1048 3438 A

80 3465 209 3518 secedere
228 3467 261 3515 W
278 3480 339 3519 sesa
356 3466 454 3530 degere
471 3465 492 3513 B
