2294 3780
140 142 201 205 110
436 144 485 194 111.
524 142 808 193 unumunurm

138 294 198 357 mis
235 293 369 377 Alpibus
402 293 471 356 uiso
504 292 600 356 Italia
635 292 841 374 contremuit,
861 291 990 371 ,statim
1024 313 1107 376 pecu

138 399 278 462 agroque
301 379 425 441 deserto
453 397 564 440 omnes
584 376 726 440 familiae
747 377 931 441 rusticanae
954 377 1051 442 siluas
1073 382 1108 443 et

137 463 276 525 ferarum
299 461 415 525 cubilia
437 461 587 544 petinere.
629 481 691 544 quo
712 461 827 525 nuntio
850 464 982 545 accepto
1005 463 1106 527 omni·

138 548 197 610 bus
226 546 351 628 oppidis
376 548 494 608 matres
516 544 616 609 Italae
645 566 746 627 pensa
768 567 786 610 e
808 546 955 611 manibus
983 546 1105 610 abiece-

113 634 229 710 rrunt,
258 651 373 712 paruos
402 630 520 693 liberos
549 632 692 713 arreptos
720 629 761 695 ad
781 631 903 714 templa
928 633 1105 713 traxerunt,

138 714 183 776 ibi
206 714 299 777 aedes
322 735 428 778 sacras
450 736 545 798 passo
567 715 683 798 capillo
706 735 764 779 suo
786 736 928 798 quaeque
944 715 1107 798 uerrebat,

137 799 228 861 uario
251 799 382 880 planctu
403 799 592 882 ploratuque
612 799 730 862 futuris
756 798 898 863 cladibus
921 799 1030 862 omina
1051 799 1105 863 da·

138 882 232 965 bant,
256 881 499 947 Trasimennum
523 887 555 947 et
569 882 696 948 Carinas
720 883 828 947 dolore
843 903 996 966 praesago
1015 904 1106 966 prae·

139 968 307 1031 canebant.
330 989 416 1032 nunc
431 972 548 1050 eutem,
565 969 601 1030 ut
612 967 750 1051 primum
766 988 805 1031 ex
818 967 962 1050 utrisque
971 966 1105 1050 Alpium

100 1068 125 1107 10
138 1053 222 1136 iugis
244 1055 386 1115 uestrum
406 1073 526 1116 numen
549 1052 682 1130 eiiulsit,
707 1055 776 1115 tota
797 1050 892 1114 Italia
914 1051 1029 1114 clarior
1050 1051 1106 1115 lux

138 1136 268 1218 diffusa,
301 1136 448 1200 omnibus
482 1138 537 1219 qui
565 1139 775 1220 suspexerant
809 1156 908 1219 aeque
937 1134 1108 1199 admiratio

139 1223 234 1304 atque
256 1220 413 1284 dubitatio
436 1221 568 1302 iniectu,
598 1222 765 1303 ecquinam
788 1220 839 1283 dei
860 1219 924 1283 illis
946 1220 1105 1284 montium

137 1305 311 1369 uerticibus
333 1306 493 1369 orirentur
516 1309 572 1368 aut
587 1304 642 1368 'his
656 1305 809 1389 gradibus
831 1305 868 1367 in
889 1308 992 1367 terras
1015 1304 1106 1368 caelo

139 1388 390 1454 descenderent?
435 1392 479 1453 ut'
503 1410 579 1453 uero
607 1390 738 1472 propius
771 1389 966 1471 propiusque
1000 1391 1104 1471 coepti

100 1494 125 1536 15
139 1475 215 1538 estis
249 1475 394 1558 agnosci,
432 1495 542 1538 omnes
575 1474 645 1557 agri
672 1472 793 1554 oppleti
826 1493 892 1536 non
918 1472 1106 1536 hominibus

138 1558 232 1620 modo
256 1558 297 1620 ed
318 1558 485 1621 uisendum
508 1556 782 1640 procurrentibus,
812 1557 867 1619 sed
890 1557 988 1620 etiam
1011 1578 1106 1640 pecu-

139 1641 213 1706 dum
240 1641 394 1726 gregibus
424 1641 567 1727 [remota]
597 1661 717 1724 pascua
745 1644 777 1704 et
805 1661 937 1704 nemora
958 1640 1106 1724 linquen-

137 1727 239 1790 tibus:
263 1747 452 1791 concursare
469 1727 553 1789 iuter
568 1747 601 1788 se
617 1725 786 1808 agricolae,
809 1726 957 1789 nuntiare
972 1727 1108 1789 remotis

137 1811 221 1890 uisa,
247 1831 318 1873 arae
340 1809 484 1886 incendi,
507 1812 579 1871 tura
600 1809 690 1891 poni,
715 1809 792 1873 uina
814 1809 923 1891 libari,
951 1810 1105 1874 uictimae

99 1919 131 1973 ro,
139 1895 242 1977 caedi,
267 1897 380 1958 cuncta
402 1891 519 1977 gaudio
543 1892 660 1976 calere,
684 1897 800 1958 cuncta
821 1893 984 1976 plausibus
1002 1894 1105 1978 tripu·

137 1979 240 2061 diare3
257 1979 304 2041 dis
320 1977 553 2041 immortalibus
568 1977 677 2041 laudes
692 1982 862 2063 gratesque
879 1979 1015 2063 cantari3
1038 2000 1106 2043 non

137 2063 287 2146 opinione
313 2063 464 2145 traditus,
493 2063 549 2126 sed
576 2063 766 2146 conspicuus
796 2067 828 2126 et
854 2061 1005 2145 praesens
1030 2063 1105 2147 Iup-

159 2151 222 2211 iter
245 2149 387 2211 cominus
409 2147 569 2230 inuocari3
600 2169 665 2210 uon
689 2147 827 2230 aduena,
852 2148 907 2210 sed
929 2148 1106 2229 imperator

171 2231 291 2299 ercules
314 2231 451 2297 adorari.

99 2341 125 2381 25
201 2316 256 2380 XI.
311 2316 394 2392 Quid
420 2316 515 2399 illud,
549 2315 581 2378 di
609 2316 703 2380 boni!
742 2315 832 2398 quale
860 2315 963 2397 pietas
995 2317 1106 2379 uestra

137 2402 356 2483 spectaculum
377 2401 477 2483 dedit,
501 2421 573 2464 cum
595 2401 628 2463 in
651 2399 1026 2483 Mediolanensi‘palatio
1049 2398 1104 2463 ud·

136 2485 241 2548 missis
273 2485 328 2567 qui
355 2506 458 2549 sacros
486 2485 594 2548 uultus
626 2483 786 2548 adoraturi
817 2487 926 2547 erant¹
942 2484 1105 2566 conspecti

137 2569 214 2632 estis
242 2568 335 2632 ambo
363 2573 395 2632 et
417 2568 678 2632 consuetudinem
707 2568 862 2651 simplicis
889 2567 1105 2632 uenerationis

136 2653 300 2736 geminato
327 2653 459 2716 numine
484 2656 616 2734 repente
638 2652 805 2715 turbastis!
843 2673 937 2717 nemo
960 2652 1104 2715 ordinem

99 2759 124 2799 so
137 2737 306 2800 numinum
333 2737 428 2799 solitu
455 2739 580 2799 secutus
608 2739 656 2798 est
678 2735 861 2820 disciplina,
897 2757 1008 2799 omnes
1031 2734 1104 2800 ado·

207 2929 219 2975 1
230 2941 302 2991 pecu
313 2940 342 2990 ςε
355 2925 478 2988 pecua!
491 2921 500 2987 ΙΙ
513 2925 528 2971 2
539 2923 761 2987 agriqueABcV
776 2927 781 2987 Ι
796 2925 966 2974 desertaBV
976 2924 1104 2975 desertio

138 2993 213 3042 Bert.
233 2991 243 3057 ΙΙ
264 2995 281 3042 4
299 2988 419 3057 oppidis]
440 2991 555 3040 urbibus
572 3003 597 3037 w
612 2992 617 3054 Ι
632 2991 722 3044 Italae
740 2995 815 3045 edd:
833 2992 931 3041 italiae
949 2994 977 3039 Η
992 2992 996 3054 Ι
1017 3006 1106 3056 pensa

139 3061 247 3110 cedd:
270 3075 356 3123 pense
374 3059 396 3107 Δ
414 3059 434 3106 Β
452 3058 475 3103 V
496 3073 582 3122 pensa
600 3061 618 3107 c
636 3072 661 3106 w
690 3058 700 3125 ΙΙ
730 3062 887 3124 tarreptos
905 3059 949 3108 W:
974 3059 1105 3124 abreptos

136 3128 255 3176 ΔΒΗ
271 3125 281 3191 ΙΙ
298 3129 314 3176 6
331 3120 427 3191 passo]
443 3140 536 3189 sparso
555 3138 580 3172 w
596 3123 607 3191 11
624 3129 639 3176 7
658 3129 737 3176 uario
749 3126 913 3176 sunere:
931 3144 978 3177 om.
992 3128 1012 3175 B
1025 3129 1042 3175 c
1055 3129 1079 3174 V
1098 3126 1101 3187 Ι

138 3196 228 3244 omnia
246 3191 332 3259 Μ118
350 3193 472 3257 praecin.
489 3196 522 3243 W
538 3190 549 3257 ss
566 3195 596 3242 11
618 3208 706 3258 aeque
724 3196 869 3244 Liuineius:
888 3198 973 3258 atque
991 3196 1019 3243 Μ
1039 3192 1050 3261 ll
1073 3197 1105 3245 12

136 3258 255 3326 iniecta]
274 3266 358 3313 uecta
376 3264 393 3310 0
413 3259 418 3325 Ι
438 3261 583 3327 ecquinam
600 3263 746 3312 Liuineius:
766 3266 794 3310 et
811 3263 921 3326 quinam
939 3264 966 3311 Η
985 3267 1027 3313 est
1046 3264 1106 3328 qui·

137 3345 201 3379 nam
218 3343 243 3377 w
262 3327 267 3394 Ι
288 3329 333 3380 dei
353 3330 492 3380 Gruterus:
511 3329 543 3378 de
563 3331 590 3377 Μ
606 3325 616 3393 ΙΙ
634 3331 666 3380 13
685 3335 732 3378 aut
751 3344 811 3393 ego:
831 3345 866 3379 au
883 3332 912 3378 Η
929 3329 962 3395 le
981 3331 1061 3381 caelo
1079 3343 1105 3378 w

136 3398 146 3460 ll
159 3399 189 3448 17
208 3401 314 3448 remota
331 3399 423 3448 seclusi
434 3393 443 3462 ll
458 3399 489 3449 18
501 3397 613 3448 remotis
625 3399 731 3461 scripsi:
750 3398 817 3448 totis
828 3399 857 3445 Π
869 3399 974 3463 ignotis
986 3397 1105 3448 Schwar-

137 3468 191 3517 zr'us
208 3466 276 3516 totis
293 3466 361 3516 uicis
380 3468 514 3519 Acidaliae
526 3463 536 3532 ll
554 3467 586 3517 19
605 3479 668 3515 aree
685 3465 752 3513 ΔΨ
768 3462 778 3530 ΙΙ
795 3466 828 3515 23
847 3464 977 3516 aduocari
996 3464 1070 3514 Bere.
