2294 3780
373 160 592 235 remmon.
617 163 725 214 ar-ss.
986 162 1026 226 77

51 308 264 373 deformitate
279 308 342 371 iste
357 314 462 373 extera
477 309 584 372 saltim
598 309 731 374 flumina
747 310 915 392 carebant3
938 313 1027 457 sigui

53 395 156 457 etiam
164 390 334 457 Danuuius
349 392 526 457 acRbenus
541 396 702 457 ostentum
714 393 805 459 lllum
820 396 921 459 nostri
935 394 973 457 de
997 416 1026 458 e-

55 478 141 542 ccris
150 476 268 540 uehere
275 476 468 562 gaudebant,
479 497 546 540 non
559 478 681 542 minore
694 500 766 542 cum
774 478 894 562 pudore
902 479 1027 562 imperii

76 561 143 626 ucd
164 560 244 625 haec
258 561 423 625 Romanae
445 561 579 645 aquilae,
601 561 748 626 Romana
763 564 866 647 signa,
883 561 1029 627 Romana

55 584 197 728 denique
216 645 289 729 ripa
311 665 406 728 quam
428 645 512 729 quod
531 645 671 711 hostium
692 648 786 712 turba
800 650 1053 731 prospectaret‚s

57 729 216 813 hostium,
245 729 359 812 quibus
381 731 478 793 moris
500 733 549 793 est
571 731 681 794 eadem
703 731 759 794 illa
780 752 867 795 nunc
889 732 1029 816 rigentia

56 814 135 898 gelu
148 813 284 877 flumina
298 817 354 878 aut
369 814 489 897 eampis
504 814 680 899 superfusa,
697 836 784 879 nunc
793 815 914 899 liquida
928 837 966 880 ac
977 816 1028 880 de·

58 897 198 963 ferentia
206 899 363 980 plaustris
374 898 520 979 lustrare,
535 900 675 984 nauigiis
690 899 858 983 nandoque
870 921 1028 983 superare.

58 1003 120 1047 nec
140 1003 216 1046 uero
237 981 435 1046 laudauerim
455 1004 514 1066 per
530 1004 564 1047 se
579 1004 774 1067 magnopere
790 983 940 1048 duritiam
962 1005 1027 1048 cor-

58 1067 148 1150 poris
171 1087 208 1130 sc
229 1052 445 1130 lacertorum?
459 1066 515 1130 sed
534 1068 562 1131 si
583 1066 634 1131 his
652 1067 789 1131 ualidior
808 1071 877 1132 toto
899 1089 1029 1151 corpore
1043 1092 1068 1132 ιο

58 1151 187 1215 animus
215 1151 393 1233 imperitet,
420 1170 515 1233 quem
548 1172 615 1215 non
648 1151 797 1216 fortunae
829 1152 1030 1236 indulgentia

59 1234 197 1316 molliat,
218 1254 286 1297 non
308 1234 417 1317 copiae
438 1235 632 1318 principales
654 1236 694 1299 ad
715 1236 886 1319 segnitiem
907 1236 1029 1299 luxum-

59 1340 122 1403 que
145 1318 365 1401 detorqueant,
393 1321 471 1382 tunc
494 1339 569 1404 ego,
598 1341 654 1383 seu
681 1318 844 1382 montibus
872 1339 928 1382 seu
949 1320 1030 1383 meri

60 1405 262 1485 exerceatur,
295 1405 328 1466 et
360 1402 480 1466 laetum
513 1423 609 1485 opere
642 1424 757 1487 corpus
791 1406 824 1466 et
856 1405 1031 1468 crescentia

59 1487 224 1552 laboribus
256 1486 400 1550 membra
431 1487 581 1551 mirabor.
626 1488 718 1551 uideo
751 1487 837 1550 enim
864 1488 929 1551 iam
956 1488 1030 1552 inde
1044 1509 1069 1551 1⁵

59 1571 242 1654 antiquitus
277 1571 409 1635 maritos
443 1571 574 1635 dearum
612 1593 650 1636 ac
687 1571 781 1636 deum
814 1571 930 1636 liberos
967 1576 985 1613 *
1013 1573 1031 1611 '¹‘

59 1676 123 1720 nec
151 1654 310 1738 dignitate
336 1656 523 1738 nuptiarum
555 1657 661 1740 magis
695 1677 791 1740 quam
824 1654 875 1719 his
909 1657 1030 1721 artibus

59 1739 259 1804 inclaruisse.
313 1739 407 1802 simul
436 1741 543 1824 cogito
577 1741 666 1806 cuius
694 1742 760 1805 sint
787 1740 850 1804 ista
879 1741 971 1805 ludus
1000 1744 1032 1805 et

61 1826 318 1888 auocamentum.
370 1823 464 1889 huius
496 1823 558 1862 *²¹²
590 1824 664 1889 illae
697 1826 798 1890 seriae
827 1828 860 1889 et
887 1825 1031 1890 intentae

62 1912 97 1972 et
125 1930 145 1971 a
172 1907 286 1991 quibus
318 1928 352 1970 se
385 1908 420 1970 in
451 1907 516 1972 talc
549 1909 651 1973 otium
682 1909 807 1992 recipit.
848 1910 1031 1995 uoluptates
1045 1933 1070 1973 so

61 1995 140 2058 sunt
169 1992 269 2075 enim,
297 1992 493 2074 uoluptates,
524 1993 637 2077 quibus
666 1996 787 2078 optime
815 1993 853 2058 de
882 1995 1032 2078 cuiusque

62 2076 225 2161 grauitate
246 2077 418 2140 sanctitate
445 2078 659 2160 temperantia
688 2079 836 2143 creditur.
863 2100 940 2142 nam
961 2078 1032 2161 quis

63 2161 145 2224 adeo
183 2160 354 2224 dissolutus
394 2161 483 2224 cuius
520 2183 587 2226 non
625 2161 889 2245 occupationibus
926 2161 1033 2243 aliqua

63 2245 189 2328 species
211 2245 389 2308 seueritatis
411 2245 572 2309 insideat?
605 2246 671 2309 otio
698 2245 873 2328 prodimur.
903 2266 944 2306 an
965 2265 1032 2307 non

87 2328 209 2412 lenique
229 2329 391 2412 principes
413 2328 474 2393 hoc
489 2329 573 2392 idem
595 2333 721 2412 tempus
740 2329 776 2391 in
797 2326 899 2390 aleam
922 2330 1033 2409 stupra
1046 2346 1071 2386 ss

62 2351 176 2477 fuxum
192 2412 409 2492 conferebant,
432 2434 504 2477 eum
518 2413 674 2477 seriarum
688 2413 871 2476 laxamenta
886 2432 1032 2476 curarum

63 2497 218 2561 uitiorum
242 2497 446 2561 contentione
468 2497 676 2581 supplerent?

124 2579 303 2648 LXXXIII.
326 2580 434 2645 Habet
449 2581 510 2646 hoo
525 2582 652 2666 priuum
666 2601 786 2665 magna
800 2580 933 2646 fortuna
948 2582 1033 2666 quod

65 2663 152 2730 nihil
166 2669 298 2748 tectum,
321 2664 404 2729 nihil
423 2666 583 2730 occultum
604 2688 673 2731 esse
693 2665 830 2750 patitur:
852 2667 1034 2750 principum

138 2871 152 2918 1
171 2873 267 2920 extera
285 2885 346 2936 epo:
365 2887 412 2921 om.
424 2872 452 2916 Μ
466 2869 471 2930 l
486 2873 566 2936 atqui
582 2873 693 2936 scripsi:
710 2878 792 2935 atqua
804 2871 832 2918 Η
844 2868 882 2936 lt
897 2873 1035 2921 ostentum

67 2936 146 2986 illum
157 2953 217 3002 epo:
227 2942 336 2987 tantum
345 2937 447 2987 illudn
458 2935 469 3002 ll
481 2939 498 2988 4
509 2938 629 2989 haecW:
642 2938 696 2988 hae
704 2938 777 2986 BGV
789 2935 799 3002 ΙΙ
812 2937 920 2988 dturba
930 2937 1035 2987 addidi:

66 3021 115 3056 om.
127 3006 163 3064 Π,
177 3006 315 3054 exercitus
327 3007 389 3056 add.
402 3019 427 3053 w
439 3003 450 3069 ΙΙ
462 3008 477 3056 'l
490 3007 627 3072 superflua
638 3007 655 3053 c
668 3003 706 3071 118
719 3006 879 3055 deserentia
891 3005 1036 3055 Calabaeus

68 3071 243 3122 deferuentia
252 3073 359 3136 Lipsius
373 3070 378 3136 Ι
393 3072 524 3138 plaustris
533 3075 637 3124 addidi:
649 3075 728 3124 om]
740 3070 750 3138 ll
765 3075 794 3122 11
806 3074 935 3124 fortunae
946 3072 1036 3122 indul-

68 3140 166 3204 gentie
179 3154 209 3203 g:
227 3140 340 3191 fortuna
352 3139 524 3205 indulgentie
535 3143 568 3189 W
587 3141 716 3190 fortunae
728 3139 951 3205 indulgentiae!
964 3142 981 3188 c
995 3142 1017 3188 V
1029 3140 1036 3206 i

71 3205 242 3257 ismeniam
260 3210 277 3256 c
299 3205 310 3272 ll
332 3209 363 3259 16
382 3223 434 3257 nac
450 3206 593 3258 natalibus
610 3209 743 3258 Liuineius
760 3222 812 3258 nec
829 3209 939 3273 generis
958 3224 1038 3272 prae·

69 3275 177 3326 stantia
192 3274 319 3325 (tesseras
330 3277 429 3326 addunt
440 3273 451 3341 ss
464 3277 495 3325 18
509 3274 642 3326 claruisse
654 3289 679 3324 w
693 3273 699 3339 1
715 3275 792 3325 ouius
808 3277 917 3341 scripsi.-
937 3291 997 3324 eum
1009 3277 1038 3322 Ι

71 3341 85 3410 Η
107 3343 139 3392 19
151 3344 337 3406 suppleverint:
356 3342 471 3405 scilieet,
487 3343 566 3393 cuius
578 3357 666 3396 curae,
688 3345 762 3407 ualpo
775 3343 855 3393 huius
868 3357 938 3407 quae
952 3358 1037 3406 quan-

70 3417 173 3474 taeque
184 3411 240 3459 sint
248 3409 374 3476 illaeeqs.
387 3407 398 3475 ll
410 3411 443 3460 24
452 3410 614 3476 insidente:
628 3409 823 3460 insidstBVw
832 3425 886 3461 non
896 3407 1034 3473 insidatcl

71 3494 109 3528 an
120 3492 158 3527 w:
171 3484 201 3528 st
212 3480 239 3527 1
256 3476 266 3542 ll
284 3479 317 3528 28
329 3479 437 3543 prinum
451 3479 503 3541 (uel
511 3477 664 3543 proprium)
675 3477 872 3528 Ritteusluesius:
885 3479 1000 3558 primum
1009 3477 1038 3522 Ι
