<?xml version="1.0" encoding="UTF-8"?>
<!DOCTYPE html PUBLIC "-//W3C//DTD XHTML 1.0 Transitional//EN"
    "http://www.w3.org/TR/xhtml1/DTD/xhtml1-transitional.dtd">
<html xmlns="http://www.w3.org/1999/xhtml" xml:lang="en" lang="en">
 <head>
  <title>
</title>
<meta http-equiv="Content-Type" content="text/html;charset=utf-8" />
  <meta name='ocr-system' content='tesseract 3.04.00' />
  <meta name='ocr-capabilities' content='ocr_page ocr_carea ocr_par ocr_line ocrx_word'/>
</head>
<body>
  <div class='ocr_page' id='page_1' title='image "./xiipanegyricila00baehgoog_0236.png"; bbox 0 0 2294 3780; ppageno 0'>
   <div class='ocr_carea' id='block_1_1' title="bbox 248 154 1032 218">
    <p class='ocr_par' dir='ltr' id='par_1_1' title="bbox 248 154 1032 218">
     <span class='ocr_line' id='line_1_1' title="bbox 248 154 1032 218; baseline 0.003 -13"><span class='ocrx_word' id='word_1_1' title='bbox 248 154 503 207; x_wconf 78' lang='lat' dir='ltr'>CONSTANTINO</span> <span class='ocrx_word' id='word_1_2' title='bbox 522 154 693 207; x_wconf 86' lang='lat' dir='ltr'>AUGUSTO</span> <span class='ocrx_word' id='word_1_3' title='bbox 712 157 745 205; x_wconf 91' lang='lat' dir='ltr'><strong>D.</strong></span> <span class='ocrx_word' id='word_1_4' title='bbox 765 157 856 205; x_wconf 80' lang='lat'>9-1‘2.</span> <span class='ocrx_word' id='word_1_5' title='bbox 971 154 1032 218; x_wconf 81' lang='grc'>201</span> 
     </span>
    </p>
   </div>
   <div class='ocr_carea' id='block_1_2' title="bbox 17 303 1076 2918">
    <p class='ocr_par' dir='ltr' id='par_1_2' title="bbox 66 303 1061 706">
     <span class='ocr_line' id='line_1_2' title="bbox 66 303 1035 387; baseline 0.001 -20"><span class='ocrx_word' id='word_1_6' title='bbox 66 303 141 368; x_wconf 84' lang='lat' dir='ltr'><strong>ficio</strong></span> <span class='ocrx_word' id='word_1_7' title='bbox 155 306 231 368; x_wconf 86' lang='lat' dir='ltr'><strong>tuae</strong></span> <span class='ocrx_word' id='word_1_8' title='bbox 251 304 395 369; x_wconf 87' lang='lat' dir='ltr'><strong>lenitatis</strong></span> <span class='ocrx_word' id='word_1_9' title='bbox 409 305 509 369; x_wconf 85' lang='lat' dir='ltr'><strong>tutior</strong></span> <span class='ocrx_word' id='word_1_10' title='bbox 531 308 615 368; x_wconf 89' lang='lat' dir='ltr'><strong>esset</strong></span> <span class='ocrx_word' id='word_1_11' title='bbox 629 307 741 368; x_wconf 89' lang='lat' dir='ltr'><strong>nostra</strong></span> <span class='ocrx_word' id='word_1_12' title='bbox 762 304 797 367; x_wconf 91' lang='lat' dir='ltr'><strong>in</strong></span> <span class='ocrx_word' id='word_1_13' title='bbox 819 304 924 368; x_wconf 91' lang='lat' dir='ltr'><strong>uerbis</strong></span> <span class='ocrx_word' id='word_1_14' title='bbox 940 326 1035 387; x_wconf 86' lang='lat' dir='ltr'><strong>quam</strong></span> 
     </span>
     <span class='ocr_line' id='line_1_3' title="bbox 66 388 1035 472; baseline 0.001 -21"><span class='ocrx_word' id='word_1_15' title='bbox 66 392 122 452; x_wconf 87' lang='lat' dir='ltr'><strong>tna</strong></span> <span class='ocrx_word' id='word_1_16' title='bbox 147 389 182 452; x_wconf 93' lang='lat' dir='ltr'><strong>in</strong></span> <span class='ocrx_word' id='word_1_17' title='bbox 204 389 301 453; x_wconf 86' lang='lat' dir='ltr'><strong>armis</strong></span> <span class='ocrx_word' id='word_1_18' title='bbox 323 388 464 453; x_wconf 85' lang='lat' dir='ltr'><strong>audacia.</strong></span> <span class='ocrx_word' id='word_1_19' title='bbox 507 410 593 453; x_wconf 87' lang='lat' dir='ltr'><strong>noua</strong></span> <span class='ocrx_word' id='word_1_20' title='bbox 614 389 701 453; x_wconf 90' lang='lat' dir='ltr'><strong>enim</strong></span> <span class='ocrx_word' id='word_1_21' title='bbox 722 388 860 472; x_wconf 88' lang='lat' dir='ltr'><strong>quadam</strong></span> <span class='ocrx_word' id='word_1_22' title='bbox 882 389 1035 452; x_wconf 85' lang='lat' dir='ltr'><strong>uarietate</strong></span> 
     </span>
     <span class='ocr_line' id='line_1_4' title="bbox 66 472 1035 556; baseline 0 -20"><span class='ocrx_word' id='word_1_23' title='bbox 66 475 204 537; x_wconf 86' lang='lat' dir='ltr'><strong>naturae</strong></span> <span class='ocrx_word' id='word_1_24' title='bbox 226 472 421 556; x_wconf 84' lang='lat' dir='ltr'><strong>confusoque</strong></span> <span class='ocrx_word' id='word_1_25' title='bbox 443 473 598 537; x_wconf 87' lang='lat' dir='ltr'><strong>uirtutum</strong></span> <span class='ocrx_word' id='word_1_26' title='bbox 619 477 873 556; x_wconf 85' lang='lat' dir='ltr'><strong>temperamento</strong></span> <span class='ocrx_word' id='word_1_27' title='bbox 895 472 979 536; x_wconf 87' lang='lat' dir='ltr'><strong>idem</strong></span> <span class='ocrx_word' id='word_1_28' title='bbox 1001 494 1035 536; x_wconf 92' lang='lat' dir='ltr'><strong>es</strong></span> 
     </span>
     <span class='ocr_line' id='line_1_5' title="bbox 67 556 1035 654; baseline -0.002 -32"><span class='ocrx_word' id='word_1_29' title='bbox 67 560 101 654; x_wconf 85' lang='lat' dir='ltr'><strong>et</strong></span> <span class='ocrx_word' id='word_1_30' title='bbox 122 556 159 620; x_wconf 91' lang='lat' dir='ltr'><strong>in</strong></span> <span class='ocrx_word' id='word_1_31' title='bbox 179 557 308 640; x_wconf 90' lang='lat' dir='ltr'><strong>proeliis</strong></span> <span class='ocrx_word' id='word_1_32' title='bbox 330 558 546 622; x_wconf 85' lang='lat' dir='ltr'><strong>ferocissimus</strong></span> <span class='ocrx_word' id='word_1_33' title='bbox 573 562 605 622; x_wconf 89' lang='lat' dir='ltr'><strong>et</strong></span> <span class='ocrx_word' id='word_1_34' title='bbox 626 561 718 641; x_wconf 86' lang='lat' dir='ltr'><strong>parta</strong></span> <span class='ocrx_word' id='word_1_35' title='bbox 744 557 913 621; x_wconf 77' lang='lat' dir='ltr'><strong>securitate</strong></span> <span class='ocrx_word' id='word_1_36' title='bbox 935 558 1035 620; x_wconf 86' lang='lat' dir='ltr'><strong>mitis·</strong></span> 
     </span>
     <span class='ocr_line' id='line_1_6' title="bbox 67 662 1061 706; baseline -0.004 -1"><span class='ocrx_word' id='word_1_37' title='bbox 67 662 176 706; x_wconf 78' lang='lat' dir='ltr'><strong>simus.</strong></span> <span class='ocrx_word' id='word_1_38' title='bbox 1047 662 1061 701; x_wconf 81' lang='grc'><strong>0</strong></span> 
     </span>
    </p>

    <p class='ocr_par' dir='ltr' id='par_1_3' title="bbox 17 724 1075 2328">
     <span class='ocr_line' id='line_1_7' title="bbox 131 724 1036 810; baseline 0 -21"><span class='ocrx_word' id='word_1_39' title='bbox 131 724 188 789; x_wconf 86' lang='lat' dir='ltr'><strong>XI.</strong></span> <span class='ocrx_word' id='word_1_40' title='bbox 216 724 297 791; x_wconf 83' lang='lat' dir='ltr'><strong>Oum</strong></span> <span class='ocrx_word' id='word_1_41' title='bbox 320 726 407 789; x_wconf 90' lang='lat' dir='ltr'><strong>enim</strong></span> <span class='ocrx_word' id='word_1_42' title='bbox 429 726 503 789; x_wconf 84' lang='lat' dir='ltr'><strong>dato</strong></span> <span class='ocrx_word' id='word_1_43' title='bbox 526 726 662 791; x_wconf 87' lang='lat' dir='ltr'>obsessis</span> <span class='ocrx_word' id='word_1_44' title='bbox 684 730 828 810; x_wconf 88' lang='lat' dir='ltr'><strong>tempore</strong></span> <span class='ocrx_word' id='word_1_45' title='bbox 848 726 1036 810; x_wconf 89' lang='lat' dir='ltr'><strong>poenitendi</strong></span> 
     </span>
     <span class='ocr_line' id='line_1_8' title="bbox 68 809 1035 895; baseline 0.001 -21"><span class='ocrx_word' id='word_1_46' title='bbox 68 809 253 893; x_wconf 78' lang='lat' dir='ltr'>Aquileiam</span> <span class='ocrx_word' id='word_1_47' title='bbox 275 831 400 893; x_wconf 89' lang='lat' dir='ltr'><strong>quoque</strong></span> <span class='ocrx_word' id='word_1_48' title='bbox 421 810 460 875; x_wconf 91' lang='lat' dir='ltr'><strong>de</strong></span> <span class='ocrx_word' id='word_1_49' title='bbox 482 811 597 895; x_wconf 83' lang='lat' dir='ltr'><strong>legatis</strong></span> <span class='ocrx_word' id='word_1_50' title='bbox 620 831 728 874; x_wconf 91' lang='lat' dir='ltr'><strong>eorum</strong></span> <span class='ocrx_word' id='word_1_51' title='bbox 751 811 811 895; x_wconf 88' lang='lat' dir='ltr'><strong>[ac]</strong></span> <span class='ocrx_word' id='word_1_52' title='bbox 837 810 1035 895; x_wconf 80' lang='lat' dir='ltr'><strong>supplicibus</strong></span> 
     </span>
     <span class='ocr_line' id='line_1_9' title="bbox 66 894 1035 978; baseline 0.001 -21"><span class='ocrx_word' id='word_1_53' title='bbox 66 914 140 959; x_wconf 89' lang='lat' dir='ltr'><strong>rece</strong></span> <span class='ocrx_word' id='word_1_54' title='bbox 163 894 241 959; x_wconf 90' lang='lat' dir='ltr'><strong>isses</strong></span> <span class='ocrx_word' id='word_1_55' title='bbox 273 895 441 977; x_wconf 72' lang='lat' dir='ltr'><strong>cunoffique</strong></span> <span class='ocrx_word' id='word_1_56' title='bbox 475 916 508 958; x_wconf 91' lang='lat' dir='ltr'><strong>se</strong></span> <span class='ocrx_word' id='word_1_57' title='bbox 535 895 596 958; x_wconf 93' lang='lat' dir='ltr'><strong>tibi</strong></span> <span class='ocrx_word' id='word_1_58' title='bbox 624 895 818 959; x_wconf 82' lang='lat' dir='ltr'><strong>dedidissent</strong></span> <span class='ocrx_word' id='word_1_59' title='bbox 845 916 923 978; x_wconf 89' lang='lat' dir='ltr'><strong>quos</strong></span> <span class='ocrx_word' id='word_1_60' title='bbox 952 895 1035 958; x_wconf 89' lang='lat' dir='ltr'><strong>obsi·</strong></span> 
     </span>
     <span class='ocr_line' id='line_1_10' title="bbox 67 916 1036 1062; baseline 0.001 -20"><span class='ocrx_word' id='word_1_61' title='bbox 67 916 173 1042; x_wconf 71' lang='lat' dir='ltr'><strong>danii)</strong></span> <span class='ocrx_word' id='word_1_62' title='bbox 196 999 392 1061; x_wconf 83' lang='lat' dir='ltr'><strong>seruaueras‚</strong></span> <span class='ocrx_word' id='word_1_63' title='bbox 414 979 569 1062; x_wconf 82' lang='lat' dir='ltr'><strong>ignouisti</strong></span> <span class='ocrx_word' id='word_1_64' title='bbox 591 980 740 1043; x_wconf 89' lang='lat' dir='ltr'><strong>omnibus</strong></span> <span class='ocrx_word' id='word_1_65' title='bbox 763 983 795 1042; x_wconf 91' lang='lat' dir='ltr'><strong>et</strong></span> <span class='ocrx_word' id='word_1_66' title='bbox 817 979 917 1043; x_wconf 85' lang='lat' dir='ltr'><strong>uitam</strong></span> <span class='ocrx_word' id='word_1_67' title='bbox 939 1002 1036 1062; x_wconf 88' lang='lat' dir='ltr'><strong>quam</strong></span> 
     </span>
     <span class='ocr_line' id='line_1_11' title="bbox 67 1063 1074 1147; baseline -0.003 -21"><span class='ocrx_word' id='word_1_68' title='bbox 67 1063 319 1147; x_wconf 88' lang='lat' dir='ltr'><strong>desperauerant</strong></span> <span class='ocrx_word' id='word_1_69' title='bbox 350 1063 526 1127; x_wconf 81' lang='lat' dir='ltr'><strong>reddidisti.</strong></span> <span class='ocrx_word' id='word_1_70' title='bbox 572 1068 604 1127; x_wconf 88' lang='lat' dir='ltr'><strong>et</strong></span> <span class='ocrx_word' id='word_1_71' title='bbox 634 1063 762 1147; x_wconf 91' lang='lat' dir='ltr'><strong>quidem</strong></span> <span class='ocrx_word' id='word_1_72' title='bbox 793 1063 914 1127; x_wconf 88' lang='lat' dir='ltr'><strong>iussisti</strong></span> <span class='ocrx_word' id='word_1_73' title='bbox 947 1085 1036 1128; x_wconf 85' lang='lat' dir='ltr'><strong>arma</strong></span> <span class='ocrx_word' id='word_1_74' title='bbox 1049 1086 1074 1124; x_wconf 80' lang='lat' dir='ltr'><strong>ro</strong></span> 
     </span>
     <span class='ocr_line' id='line_1_12' title="bbox 67 1146 1035 1232; baseline 0.002 -22"><span class='ocrx_word' id='word_1_75' title='bbox 67 1147 228 1230; x_wconf 87' lang='lat' dir='ltr'><strong>deponere</strong></span> <span class='ocrx_word' id='word_1_76' title='bbox 249 1150 285 1211; x_wconf 90' lang='lat' dir='ltr'><strong>ut</strong></span> <span class='ocrx_word' id='word_1_77' title='bbox 306 1146 406 1211; x_wconf 91' lang='lat' dir='ltr'><strong>multo</strong></span> <span class='ocrx_word' id='word_1_78' title='bbox 425 1147 526 1212; x_wconf 89' lang='lat' dir='ltr'><strong>tutius</strong></span> <span class='ocrx_word' id='word_1_79' title='bbox 547 1149 677 1211; x_wconf 90' lang='lat' dir='ltr'><strong>uictoris</strong></span> <span class='ocrx_word' id='word_1_80' title='bbox 699 1148 819 1231; x_wconf 87' lang='lat' dir='ltr'><strong>pietate</strong></span> <span class='ocrx_word' id='word_1_81' title='bbox 834 1152 1035 1232; x_wconf 83' lang='lat' dir='ltr'><strong>tegerentur:</strong></span> 
     </span>
     <span class='ocr_line' id='line_1_13' title="bbox 66 1232 1036 1314; baseline -0.001 -20"><span class='ocrx_word' id='word_1_82' title='bbox 66 1234 104 1294; x_wconf 89' lang='lat' dir='ltr'><strong>ut</strong></span> <span class='ocrx_word' id='word_1_83' title='bbox 127 1234 236 1296; x_wconf 84' lang='lat' dir='ltr'><strong>tamen</strong></span> <span class='ocrx_word' id='word_1_84' title='bbox 258 1232 453 1314; x_wconf 86' lang='lat' dir='ltr'><strong>pertinaciae</strong></span> <span class='ocrx_word' id='word_1_85' title='bbox 476 1254 551 1296; x_wconf 89' lang='lat' dir='ltr'><strong>suae</strong></span> <span class='ocrx_word' id='word_1_86' title='bbox 578 1233 693 1296; x_wconf 89' lang='lat' dir='ltr'><strong>merita</strong></span> <span class='ocrx_word' id='word_1_87' title='bbox 715 1232 889 1313; x_wconf 75' lang='lat' dir='ltr'><strong>sentirent,</strong></span> <span class='ocrx_word' id='word_1_88' title='bbox 919 1232 1036 1313; x_wconf 86' lang='lat' dir='ltr'><strong>corripi</strong></span> 
     </span>
     <span class='ocr_line' id='line_1_14' title="bbox 68 1315 1035 1400; baseline -0.001 -22"><span class='ocrx_word' id='word_1_89' title='bbox 68 1336 124 1379; x_wconf 87' lang='lat' dir='ltr'><strong>eos</strong></span> <span class='ocrx_word' id='word_1_90' title='bbox 144 1315 322 1400; x_wconf 83' lang='lat' dir='ltr'><strong>uincirique</strong></span> <span class='ocrx_word' id='word_1_91' title='bbox 340 1317 460 1381; x_wconf 89' lang='lat' dir='ltr'><strong>iussisti</strong></span> <span class='ocrx_word' id='word_1_92' title='bbox 482 1338 548 1380; x_wconf 92' lang='lat' dir='ltr'><strong>non</strong></span> <span class='ocrx_word' id='word_1_93' title='bbox 572 1317 611 1380; x_wconf 87' lang='lat' dir='ltr'><strong>ad</strong></span> <span class='ocrx_word' id='word_1_94' title='bbox 627 1317 830 1399; x_wconf 87' lang='lat' dir='ltr'><strong>supplicium,</strong></span> <span class='ocrx_word' id='word_1_95' title='bbox 855 1316 909 1378; x_wconf 90' lang='lat' dir='ltr'><strong>sed</strong></span> <span class='ocrx_word' id='word_1_96' title='bbox 925 1316 1035 1396; x_wconf 85' lang='lat' dir='ltr'><strong>uitam,</strong></span> 
     </span>
     <span class='ocr_line' id='line_1_15' title="bbox 66 1399 1035 1485; baseline -0.001 -22"><span class='ocrx_word' id='word_1_97' title='bbox 66 1420 110 1463; x_wconf 90' lang='lat' dir='ltr'><strong>ne</strong></span> <span class='ocrx_word' id='word_1_98' title='bbox 143 1401 358 1465; x_wconf 86' lang='lat' dir='ltr'><strong>eonscientiae</strong></span> <span class='ocrx_word' id='word_1_99' title='bbox 388 1401 501 1466; x_wconf 88' lang='lat' dir='ltr'><strong>timore</strong></span> <span class='ocrx_word' id='word_1_100' title='bbox 531 1400 724 1485; x_wconf 85' lang='lat' dir='ltr'><strong>diffugerent</strong></span> <span class='ocrx_word' id='word_1_101' title='bbox 752 1400 955 1484; x_wconf 83' lang='lat' dir='ltr'><strong>grauiterque</strong></span> <span class='ocrx_word' id='word_1_102' title='bbox 984 1399 1035 1463; x_wconf 90' lang='lat' dir='ltr'><strong>de-</strong></span> 
     </span>
     <span class='ocr_line' id='line_1_16' title="bbox 65 1483 1074 1569; baseline -0.005 -22"><span class='ocrx_word' id='word_1_103' title='bbox 65 1483 252 1567; x_wconf 88' lang='lat' dir='ltr'><strong>linquerent</strong></span> <span class='ocrx_word' id='word_1_104' title='bbox 274 1486 518 1569; x_wconf 88' lang='lat' dir='ltr'><strong>conseruarique</strong></span> <span class='ocrx_word' id='word_1_105' title='bbox 539 1486 656 1549; x_wconf 88' lang='lat' dir='ltr'><strong>iterum</strong></span> <span class='ocrx_word' id='word_1_106' title='bbox 677 1506 745 1548; x_wconf 90' lang='lat' dir='ltr'><strong>non</strong></span> <span class='ocrx_word' id='word_1_107' title='bbox 767 1487 980 1567; x_wconf 82' lang='lat' dir='ltr'><strong>mererentur,</strong></span> <span class='ocrx_word' id='word_1_108' title='bbox 1008 1483 1036 1547; x_wconf 90' lang='lat' dir='ltr'><strong>si</strong></span> <span class='ocrx_word' id='word_1_109' title='bbox 1050 1501 1074 1542; x_wconf 81' lang='lat' dir='ltr'><strong>rs</strong></span> 
     </span>
     <span class='ocr_line' id='line_1_17' title="bbox 67 1568 1036 1635; baseline 0 -4"><span class='ocrx_word' id='word_1_110' title='bbox 67 1569 190 1631; x_wconf 88' lang='lat' dir='ltr'><strong>seruati</strong></span> <span class='ocrx_word' id='word_1_111' title='bbox 214 1590 281 1633; x_wconf 91' lang='lat' dir='ltr'><strong>non</strong></span> <span class='ocrx_word' id='word_1_112' title='bbox 302 1568 447 1634; x_wconf 87' lang='lat' dir='ltr'><strong>fuissent.</strong></span> <span class='ocrx_word' id='word_1_113' title='bbox 492 1570 547 1634; x_wconf 91' lang='lat' dir='ltr'><strong>sed</strong></span> <span class='ocrx_word' id='word_1_114' title='bbox 570 1571 654 1635; x_wconf 89' lang='lat' dir='ltr'><strong>unde</strong></span> <span class='ocrx_word' id='word_1_115' title='bbox 676 1573 768 1633; x_wconf 87' lang='lat' dir='ltr'><strong>tanto</strong></span> <span class='ocrx_word' id='word_1_116' title='bbox 790 1569 956 1633; x_wconf 86' lang='lat' dir='ltr'><strong>hominum</strong></span> <span class='ocrx_word' id='word_1_117' title='bbox 978 1591 1036 1632; x_wconf 91' lang='lat' dir='ltr'><strong>nu·</strong></span> 
     </span>
     <span class='ocr_line' id='line_1_18' title="bbox 67 1653 1035 1737; baseline 0 -22"><span class='ocrx_word' id='word_1_118' title='bbox 67 1673 157 1716; x_wconf 88' lang='lat' dir='ltr'><strong>mero</strong></span> <span class='ocrx_word' id='word_1_119' title='bbox 179 1656 231 1717; x_wconf 89' lang='lat' dir='ltr'><strong>tot</strong></span> <span class='ocrx_word' id='word_1_120' title='bbox 251 1654 380 1718; x_wconf 88' lang='lat' dir='ltr'><strong>uincula</strong></span> <span class='ocrx_word' id='word_1_121' title='bbox 408 1675 489 1737; x_wconf 89' lang='lat' dir='ltr'><strong>quae</strong></span> <span class='ocrx_word' id='word_1_122' title='bbox 517 1655 681 1719; x_wconf 87' lang='lat' dir='ltr'><strong>continere</strong></span> <span class='ocrx_word' id='word_1_123' title='bbox 702 1654 857 1718; x_wconf 90' lang='lat' dir='ltr'><strong>militares</strong></span> <span class='ocrx_word' id='word_1_124' title='bbox 886 1656 919 1717; x_wconf 91' lang='lat' dir='ltr'><strong>et</strong></span> <span class='ocrx_word' id='word_1_125' title='bbox 940 1653 1035 1736; x_wconf 83' lang='lat' dir='ltr'><strong>paulo</strong></span> 
     </span>
     <span class='ocr_line' id='line_1_19' title="bbox 67 1738 1037 1823; baseline 0 -23"><span class='ocrx_word' id='word_1_126' title='bbox 67 1740 147 1801; x_wconf 89' lang='lat' dir='ltr'><strong>ante</strong></span> <span class='ocrx_word' id='word_1_127' title='bbox 174 1741 313 1802; x_wconf 86' lang='lat' dir='ltr'><strong>armatas</strong></span> <span class='ocrx_word' id='word_1_128' title='bbox 340 1760 455 1802; x_wconf 87' lang='lat' dir='ltr'><strong>manus</strong></span> <span class='ocrx_word' id='word_1_129' title='bbox 484 1739 638 1822; x_wconf 81' lang='lat' dir='ltr'><strong>possent?</strong></span> <span class='ocrx_word' id='word_1_130' title='bbox 683 1743 810 1823; x_wconf 88' lang='lat' dir='ltr'><strong>stupere</strong></span> <span class='ocrx_word' id='word_1_131' title='bbox 837 1739 953 1802; x_wconf 91' lang='lat' dir='ltr'><strong>milites</strong></span> <span class='ocrx_word' id='word_1_132' title='bbox 982 1738 1037 1821; x_wconf 92' lang='lat' dir='ltr'><strong>qui</strong></span> 
     </span>
     <span class='ocr_line' id='line_1_20' title="bbox 66 1820 1036 1906; baseline -0.001 -20"><span class='ocrx_word' id='word_1_133' title='bbox 66 1820 290 1905; x_wconf 87' lang='lat' dir='ltr'><strong>perducendos</strong></span> <span class='ocrx_word' id='word_1_134' title='bbox 312 1826 521 1906; x_wconf 80' lang='lat' dir='ltr'><strong>susceperant</strong></span> <span class='ocrx_word' id='word_1_135' title='bbox 543 1829 575 1886; x_wconf 91' lang='lat' dir='ltr'><strong>et</strong></span> <span class='ocrx_word' id='word_1_136' title='bbox 590 1824 751 1888; x_wconf 84' lang='lat' dir='ltr'><strong>custodiae</strong></span> <span class='ocrx_word' id='word_1_137' title='bbox 768 1845 876 1887; x_wconf 85' lang='lat' dir='ltr'><strong>curam</strong></span> <span class='ocrx_word' id='word_1_138' title='bbox 898 1823 1036 1887; x_wconf 86' lang='lat' dir='ltr'><strong>abnuere</strong></span> 
     </span>
     <span class='ocr_line' id='line_1_21' title="bbox 17 1906 1075 1991; baseline 0 -21"><span class='ocrx_word' id='word_1_139' title='bbox 17 1906 23 1913; x_wconf 87' lang='lat'>&#39;</span> <span class='ocrx_word' id='word_1_140' title='bbox 67 1910 102 1970; x_wconf 89' lang='lat' dir='ltr'><strong>et</strong></span> <span class='ocrx_word' id='word_1_141' title='bbox 123 1927 251 1989; x_wconf 89' lang='lat' dir='ltr'><strong>prorsus</strong></span> <span class='ocrx_word' id='word_1_142' title='bbox 273 1907 398 1971; x_wconf 84' lang='lat' dir='ltr'><strong>nescire</strong></span> <span class='ocrx_word' id='word_1_143' title='bbox 420 1907 495 1991; x_wconf 90' lang='lat' dir='ltr'><strong>quid</strong></span> <span class='ocrx_word' id='word_1_144' title='bbox 514 1907 675 1991; x_wconf 79' lang='lat' dir='ltr'><strong>facerent3</strong></span> <span class='ocrx_word' id='word_1_145' title='bbox 697 1909 760 1991; x_wconf 88' lang='lat' dir='ltr'><strong>ipsi</strong></span> <span class='ocrx_word' id='word_1_146' title='bbox 782 1909 878 1972; x_wconf 89' lang='lat' dir='ltr'><strong>etiam</strong></span> <span class='ocrx_word' id='word_1_147' title='bbox 900 1908 954 1990; x_wconf 88' lang='lat' dir='ltr'><strong>qui</strong></span> <span class='ocrx_word' id='word_1_148' title='bbox 976 1907 1035 1971; x_wconf 88' lang='lat' dir='ltr'><strong>tibi</strong></span> <span class='ocrx_word' id='word_1_149' title='bbox 1049 1926 1075 1965; x_wconf 81' lang='lat'><strong>20</strong></span> 
     </span>
     <span class='ocr_line' id='line_1_22' title="bbox 67 1990 1037 2075; baseline -0.001 -21"><span class='ocrx_word' id='word_1_150' title='bbox 67 1990 104 2055; x_wconf 93' lang='lat' dir='ltr'><strong>in</strong></span> <span class='ocrx_word' id='word_1_151' title='bbox 127 1991 260 2055; x_wconf 87' lang='lat' dir='ltr'><strong>consilio</strong></span> <span class='ocrx_word' id='word_1_152' title='bbox 283 1996 384 2073; x_wconf 84' lang='lat' dir='ltr'><strong>erant,</strong></span> <span class='ocrx_word' id='word_1_153' title='bbox 407 1993 476 2074; x_wconf 86' lang='lat' dir='ltr'><strong>ipso</strong></span> <span class='ocrx_word' id='word_1_154' title='bbox 491 1993 588 2056; x_wconf 86' lang='lat' dir='ltr'><strong>etiam</strong></span> <span class='ocrx_word' id='word_1_155' title='bbox 603 1993 784 2075; x_wconf 86' lang='lat' dir='ltr'><strong>praefectus</strong></span> <span class='ocrx_word' id='word_1_156' title='bbox 798 1992 939 2071; x_wconf 86' lang='lat' dir='ltr'><strong>haerere,</strong></span> <span class='ocrx_word' id='word_1_157' title='bbox 964 2013 1037 2054; x_wconf 87' lang='lat' dir='ltr'><strong>eum</strong></span> 
     </span>
     <span class='ocr_line' id='line_1_23' title="bbox 67 2074 1037 2160; baseline -0.004 -21"><span class='ocrx_word' id='word_1_158' title='bbox 67 2082 105 2139; x_wconf 89' lang='lat' dir='ltr'><strong>tu</strong></span> <span class='ocrx_word' id='word_1_159' title='bbox 119 2074 229 2139; x_wconf 88' lang='lat' dir='ltr'><strong>diuino</strong></span> <span class='ocrx_word' id='word_1_160' title='bbox 250 2077 390 2139; x_wconf 90' lang='lat' dir='ltr'><strong>monitus</strong></span> <span class='ocrx_word' id='word_1_161' title='bbox 413 2076 570 2140; x_wconf 84' lang='lat' dir='ltr'><strong>instinctu</strong></span> <span class='ocrx_word' id='word_1_162' title='bbox 592 2077 631 2139; x_wconf 91' lang='lat' dir='ltr'><strong>de</strong></span> <span class='ocrx_word' id='word_1_163' title='bbox 646 2077 761 2160; x_wconf 83' lang='lat' dir='ltr'><strong>gladiis</strong></span> <span class='ocrx_word' id='word_1_164' title='bbox 784 2096 893 2138; x_wconf 88' lang='lat' dir='ltr'><strong>eornm</strong></span> <span class='ocrx_word' id='word_1_165' title='bbox 908 2075 1037 2158; x_wconf 84' lang='lat' dir='ltr'><strong>gemina</strong></span> 
     </span>
     <span class='ocr_line' id='line_1_24' title="bbox 67 2157 1037 2242; baseline -0.004 -19"><span class='ocrx_word' id='word_1_166' title='bbox 67 2159 218 2223; x_wconf 86' lang='lat' dir='ltr'><strong>manibus</strong></span> <span class='ocrx_word' id='word_1_167' title='bbox 241 2162 344 2242; x_wconf 87' lang='lat' dir='ltr'><strong>aptari</strong></span> <span class='ocrx_word' id='word_1_168' title='bbox 366 2161 504 2225; x_wconf 84' lang='lat' dir='ltr'><strong>claustra</strong></span> <span class='ocrx_word' id='word_1_169' title='bbox 520 2161 650 2242; x_wconf 83' lang='lat' dir='ltr'><strong>iussisti,</strong></span> <span class='ocrx_word' id='word_1_170' title='bbox 673 2163 708 2222; x_wconf 94' lang='lat' dir='ltr'><strong>ut</strong></span> <span class='ocrx_word' id='word_1_171' title='bbox 731 2160 897 2223; x_wconf 90' lang='lat' dir='ltr'><strong>seruarent</strong></span> <span class='ocrx_word' id='word_1_172' title='bbox 911 2157 1037 2221; x_wconf 91' lang='lat' dir='ltr'><strong>deditos</strong></span> 
     </span>
     <span class='ocr_line' id='line_1_25' title="bbox 67 2242 912 2328; baseline -0.005 -21"><span class='ocrx_word' id='word_1_173' title='bbox 67 2242 172 2328; x_wconf 81' lang='lat' dir='ltr'><strong>gladii</strong></span> <span class='ocrx_word' id='word_1_174' title='bbox 193 2244 243 2307; x_wconf 89' lang='lat' dir='ltr'><strong>sui</strong></span> <span class='ocrx_word' id='word_1_175' title='bbox 266 2265 344 2327; x_wconf 90' lang='lat' dir='ltr'><strong>quos</strong></span> <span class='ocrx_word' id='word_1_176' title='bbox 366 2266 431 2309; x_wconf 89' lang='lat' dir='ltr'><strong>non</strong></span> <span class='ocrx_word' id='word_1_177' title='bbox 455 2245 664 2309; x_wconf 83' lang='lat' dir='ltr'><strong>defenderant</strong></span> <span class='ocrx_word' id='word_1_178' title='bbox 686 2245 912 2327; x_wconf 83' lang='lat' dir='ltr'><strong>repugnantes.</strong></span> 
     </span>
    </p>

    <p class='ocr_par' dir='ltr' id='par_1_4' title="bbox 66 2323 1076 2918">
     <span class='ocr_line' id='line_1_26' title="bbox 133 2323 1076 2412; baseline -0.008 -21"><span class='ocrx_word' id='word_1_179' title='bbox 133 2326 208 2391; x_wconf 89' lang='lat' dir='ltr'>XII.</span> <span class='ocrx_word' id='word_1_180' title='bbox 237 2326 530 2411; x_wconf 87' lang='lat' dir='ltr'><strong>Opuloherrimum</strong></span> <span class='ocrx_word' id='word_1_181' title='bbox 553 2329 655 2412; x_wconf 91' lang='lat' dir='ltr'><strong>etqui</strong></span> <span class='ocrx_word' id='word_1_182' title='bbox 678 2328 819 2390; x_wconf 91' lang='lat' dir='ltr'><strong>omnium</strong></span> <span class='ocrx_word' id='word_1_183' title='bbox 842 2325 942 2389; x_wconf 86' lang='lat' dir='ltr'><strong>oculis</strong></span> <span class='ocrx_word' id='word_1_184' title='bbox 965 2323 1036 2387; x_wconf 89' lang='lat' dir='ltr'><strong>sub·</strong></span> <span class='ocrx_word' id='word_1_185' title='bbox 1049 2341 1076 2381; x_wconf 82' lang='lat' dir='ltr'><strong>rs</strong></span> 
     </span>
     <span class='ocr_line' id='line_1_27' title="bbox 67 2410 1036 2496; baseline -0.002 -21"><span class='ocrx_word' id='word_1_186' title='bbox 67 2411 112 2476; x_wconf 89' lang='lat' dir='ltr'><strong>ici</strong></span> <span class='ocrx_word' id='word_1_187' title='bbox 134 2411 297 2476; x_wconf 87' lang='lat' dir='ltr'><strong>debuisset</strong></span> <span class='ocrx_word' id='word_1_188' title='bbox 311 2414 509 2496; x_wconf 85' lang='lat' dir='ltr'><strong>triumphum</strong></span> <span class='ocrx_word' id='word_1_189' title='bbox 532 2412 660 2476; x_wconf 83' lang='lat' dir='ltr'><strong>uirtutis</strong></span> <span class='ocrx_word' id='word_1_190' title='bbox 683 2414 715 2476; x_wconf 86' lang='lat' dir='ltr'><strong>et</strong></span> <span class='ocrx_word' id='word_1_191' title='bbox 738 2410 926 2475; x_wconf 89' lang='lat' dir='ltr'><strong>clementiae</strong></span> <span class='ocrx_word' id='word_1_192' title='bbox 948 2411 1036 2473; x_wconf 77' lang='lat' dir='ltr'><strong>tuae!</strong></span> 
     </span>
     <span class='ocr_line' id='line_1_28' title="bbox 68 2494 1036 2595; baseline -0.003 -35"><span class='ocrx_word' id='word_1_193' title='bbox 68 2496 161 2560; x_wconf 83' lang='lat' dir='ltr'><strong>cuius</strong></span> <span class='ocrx_word' id='word_1_194' title='bbox 191 2496 277 2560; x_wconf 90' lang='lat' dir='ltr'><strong>enim</strong></span> <span class='ocrx_word' id='word_1_195' title='bbox 306 2498 469 2595; x_wconf 86' lang='lat' dir='ltr'><strong>potentiae</strong></span> <span class='ocrx_word' id='word_1_196' title='bbox 497 2497 560 2560; x_wconf 91' lang='lat' dir='ltr'><strong>fuit</strong></span> <span class='ocrx_word' id='word_1_197' title='bbox 587 2496 730 2561; x_wconf 87' lang='lat' dir='ltr'><strong>hostibus</strong></span> <span class='ocrx_word' id='word_1_198' title='bbox 764 2517 854 2559; x_wconf 89' lang='lat' dir='ltr'><strong>arma</strong></span> <span class='ocrx_word' id='word_1_199' title='bbox 881 2494 1036 2578; x_wconf 85' lang='lat' dir='ltr'><strong>deripere,</strong></span> 
     </span>
     <span class='ocr_line' id='line_1_29' title="bbox 66 2578 1037 2666; baseline 0 -24"><span class='ocrx_word' id='word_1_200' title='bbox 66 2578 163 2643; x_wconf 87' lang='lat' dir='ltr'><strong>huius</strong></span> <span class='ocrx_word' id='word_1_201' title='bbox 191 2579 398 2645; x_wconf 85' lang='lat' dir='ltr'><strong>humamtatis</strong></span> <span class='ocrx_word' id='word_1_202' title='bbox 426 2582 548 2646; x_wconf 88' lang='lat' dir='ltr'><strong>deditos</strong></span> <span class='ocrx_word' id='word_1_203' title='bbox 577 2583 617 2646; x_wconf 92' lang='lat' dir='ltr'><strong>ad</strong></span> <span class='ocrx_word' id='word_1_204' title='bbox 638 2581 863 2666; x_wconf 82' lang='lat' dir='ltr'><strong>impunitatem</strong></span> <span class='ocrx_word' id='word_1_205' title='bbox 892 2581 958 2643; x_wconf 90' lang='lat' dir='ltr'><strong>suis</strong></span> <span class='ocrx_word' id='word_1_206' title='bbox 986 2600 1037 2643; x_wconf 82' lang='lat' dir='ltr'><strong>eu-</strong></span> 
     </span>
     <span class='ocr_line' id='line_1_30' title="bbox 67 2664 1038 2750; baseline -0.002 -22"><span class='ocrx_word' id='word_1_207' title='bbox 67 2664 157 2731; x_wconf 74' lang='lat' dir='ltr'><strong>silms</strong></span> <span class='ocrx_word' id='word_1_208' title='bbox 184 2664 317 2749; x_wconf 82' lang='lat' dir='ltr'><strong>alligare</strong></span> <span class='ocrx_word' id='word_1_209' title='bbox 351 2673 445 2750; x_wconf 89' lang='lat' dir='ltr'><strong>atque</strong></span> <span class='ocrx_word' id='word_1_210' title='bbox 473 2667 520 2730; x_wconf 90' lang='lat' dir='ltr'><strong>ita</strong></span> <span class='ocrx_word' id='word_1_211' title='bbox 548 2667 669 2731; x_wconf 86' lang='lat' dir='ltr'><strong>uincire</strong></span> <span class='ocrx_word' id='word_1_212' title='bbox 702 2670 738 2730; x_wconf 92' lang='lat' dir='ltr'><strong>ut</strong></span> <span class='ocrx_word' id='word_1_213' title='bbox 765 2687 818 2729; x_wconf 92' lang='lat' dir='ltr'><strong>eos</strong></span> <span class='ocrx_word' id='word_1_214' title='bbox 846 2664 925 2729; x_wconf 88' lang='lat' dir='ltr'><strong>ferri</strong></span> <span class='ocrx_word' id='word_1_215' title='bbox 951 2664 1038 2727; x_wconf 88' lang='lat' dir='ltr'><strong>illius</strong></span> 
     </span>
     <span class='ocr_line' id='line_1_31' title="bbox 69 2746 1076 2835; baseline -0.001 -24"><span class='ocrx_word' id='word_1_216' title='bbox 69 2746 156 2831; x_wconf 91' lang='lat' dir='ltr'><strong>quod</strong></span> <span class='ocrx_word' id='word_1_217' title='bbox 179 2753 292 2813; x_wconf 87' lang='lat' dir='ltr'><strong>contra</strong></span> <span class='ocrx_word' id='word_1_218' title='bbox 314 2755 346 2815; x_wconf 88' lang='lat' dir='ltr'><strong>te</strong></span> <span class='ocrx_word' id='word_1_219' title='bbox 368 2754 536 2835; x_wconf 81' lang='lat' dir='ltr'><strong>gesserant</strong></span> <span class='ocrx_word' id='word_1_220' title='bbox 558 2751 673 2815; x_wconf 87' lang='lat' dir='ltr'><strong>cotidie</strong></span> <span class='ocrx_word' id='word_1_221' title='bbox 695 2751 884 2833; x_wconf 88' lang='lat' dir='ltr'><strong>poeniteret.</strong></span> <span class='ocrx_word' id='word_1_222' title='bbox 911 2747 1037 2832; x_wconf 85' lang='lat' dir='ltr'><strong>gladius</strong></span> <span class='ocrx_word' id='word_1_223' title='bbox 1051 2761 1076 2802; x_wconf 81' lang='lat'><strong>³⁰</strong></span> 
     </span>
     <span class='ocr_line' id='line_1_32' title="bbox 68 2831 1038 2918; baseline -0.003 -23"><span class='ocrx_word' id='word_1_224' title='bbox 68 2831 139 2916; x_wconf 88' lang='lat' dir='ltr'><strong>ille,</strong></span> <span class='ocrx_word' id='word_1_225' title='bbox 177 2854 271 2918; x_wconf 90' lang='lat' dir='ltr'><strong>quem</strong></span> <span class='ocrx_word' id='word_1_226' title='bbox 297 2835 332 2898; x_wconf 93' lang='lat' dir='ltr'><strong>in</strong></span> <span class='ocrx_word' id='word_1_227' title='bbox 357 2839 391 2899; x_wconf 90' lang='lat' dir='ltr'><strong>te</strong></span> <span class='ocrx_word' id='word_1_228' title='bbox 418 2834 626 2899; x_wconf 86' lang='lat' dir='ltr'><strong>distrinxerat</strong></span> <span class='ocrx_word' id='word_1_229' title='bbox 651 2834 752 2898; x_wconf 90' lang='lat' dir='ltr'><strong>hostis</strong></span> <span class='ocrx_word' id='word_1_230' title='bbox 780 2834 932 2913; x_wconf 85' lang='lat' dir='ltr'><strong>infestus,</strong></span> <span class='ocrx_word' id='word_1_231' title='bbox 968 2831 1038 2912; x_wconf 90' lang='lat' dir='ltr'><strong>ipse</strong></span> 
     </span>
    </p>
   </div>
   <div class='ocr_carea' id='block_1_3' title="bbox 66 3003 1040 3544">
    <p class='ocr_par' dir='ltr' id='par_1_5' title="bbox 66 3003 1040 3544">
     <span class='ocr_line' id='line_1_33' title="bbox 137 3003 1038 3069; baseline -0.006 -13"><span class='ocrx_word' id='word_1_232' title='bbox 137 3008 154 3056; x_wconf 86' lang='lat'><strong>3</strong></span> <span class='ocrx_word' id='word_1_233' title='bbox 172 3021 202 3057; x_wconf 87' lang='grc'><strong>00</strong></span> <span class='ocrx_word' id='word_1_234' title='bbox 220 3012 248 3055; x_wconf 83' lang='grc'><strong>00</strong></span> <span class='ocrx_word' id='word_1_235' title='bbox 266 3005 340 3056; x_wconf 77' lang='lat' dir='ltr'><strong>Bert.</strong></span> <span class='ocrx_word' id='word_1_236' title='bbox 351 3020 388 3055; x_wconf 85' lang='lat' dir='ltr'><strong>w:</strong></span> <span class='ocrx_word' id='word_1_237' title='bbox 409 3010 484 3057; x_wconf 85' lang='grc'>00000</span> <span class='ocrx_word' id='word_1_238' title='bbox 500 3007 553 3055; x_wconf 72' lang='grc' dir='ltr'><strong>ΔΟ</strong></span> <span class='ocrx_word' id='word_1_239' title='bbox 571 3021 644 3057; x_wconf 85' lang='grc'>00000</span> <span class='ocrx_word' id='word_1_240' title='bbox 662 3003 766 3069; x_wconf 67' lang='grc' dir='ltr'><strong>ΒἾΙΙΊ</strong></span> <span class='ocrx_word' id='word_1_241' title='bbox 785 3021 818 3054; x_wconf 87' lang='lat' dir='ltr'><strong>ac</strong></span> <span class='ocrx_word' id='word_1_242' title='bbox 837 3006 885 3054; x_wconf 79' lang='lat' dir='ltr'><strong>del.</strong></span> <span class='ocrx_word' id='word_1_243' title='bbox 899 3003 1038 3052; x_wconf 82' lang='lat' dir='ltr'><strong>Liuineius.</strong></span> 
     </span>
     <span class='ocr_line' id='line_1_34' title="bbox 68 3070 1039 3138; baseline -0.005 -16"><span class='ocrx_word' id='word_1_244' title='bbox 68 3090 103 3122; x_wconf 82' lang='lat' dir='ltr'><strong>aa</strong></span> <span class='ocrx_word' id='word_1_245' title='bbox 122 3088 155 3124; x_wconf 84' lang='lat' dir='ltr'><strong>ac</strong></span> <span class='ocrx_word' id='word_1_246' title='bbox 171 3088 243 3138; x_wconf 75' lang='lat' dir='ltr'><strong>mag.</strong></span> <span class='ocrx_word' id='word_1_247' title='bbox 264 3074 302 3137; x_wconf 73' lang='lat' dir='ltr'><strong>(id</strong></span> <span class='ocrx_word' id='word_1_248' title='bbox 318 3081 357 3125; x_wconf 82' lang='lat' dir='ltr'><strong>est</strong></span> <span class='ocrx_word' id='word_1_249' title='bbox 375 3070 597 3138; x_wconf 80' lang='lat' dir='ltr'><strong>magistratibus)</strong></span> <span class='ocrx_word' id='word_1_250' title='bbox 615 3073 720 3137; x_wconf 74' lang='lat' dir='ltr'><strong>suppl?</strong></span> <span class='ocrx_word' id='word_1_251' title='bbox 749 3070 758 3138; x_wconf 67' lang='lat' dir='ltr'><strong>l}</strong></span> <span class='ocrx_word' id='word_1_252' title='bbox 788 3071 961 3121; x_wconf 86' lang='lat' dir='ltr'><strong>8dedissent</strong></span> <span class='ocrx_word' id='word_1_253' title='bbox 980 3072 997 3118; x_wconf 78' lang='lat'><strong>0</strong></span> <span class='ocrx_word' id='word_1_254' title='bbox 1016 3072 1039 3117; x_wconf 82' lang='lat' dir='ltr'><strong>V</strong></span> 
     </span>
     <span class='ocr_line' id='line_1_35' title="bbox 70 3138 1035 3206; baseline -0.005 -14"><span class='ocrx_word' id='word_1_255' title='bbox 70 3140 74 3201; x_wconf 82' lang='grc'>1</span> <span class='ocrx_word' id='word_1_256' title='bbox 103 3140 271 3192; x_wconf 84' lang='lat' dir='ltr'><strong>obsidendos</strong></span> <span class='ocrx_word' id='word_1_257' title='bbox 289 3142 317 3189; x_wconf 76' lang='grc' dir='ltr'><em>Η</em></span> <span class='ocrx_word' id='word_1_258' title='bbox 346 3140 356 3206; x_wconf 87' lang='grc' dir='ltr'><strong>ΙΙ</strong></span> <span class='ocrx_word' id='word_1_259' title='bbox 387 3144 418 3193; x_wconf 90' lang='grc'>10</span> <span class='ocrx_word' id='word_1_260' title='bbox 443 3138 613 3205; x_wconf 79' lang='lat' dir='ltr'><strong>etquidem]</strong></span> <span class='ocrx_word' id='word_1_261' title='bbox 639 3140 763 3203; x_wconf 84' lang='lat' dir='ltr'><strong>equidem</strong></span> <span class='ocrx_word' id='word_1_262' title='bbox 782 3140 993 3201; x_wconf 67' lang='lat' dir='ltr'><strong>Eyssenhardan</strong></span> <span class='ocrx_word' id='word_1_263' title='bbox 1024 3138 1035 3200; x_wconf 69' lang='lat'><strong>2!</strong></span> 
     </span>
     <span class='ocr_line' id='line_1_36' title="bbox 69 3201 1036 3273; baseline -0.005 -16"><span class='ocrx_word' id='word_1_264' title='bbox 69 3211 101 3258; x_wconf 88' lang='lat'><strong>11</strong></span> <span class='ocrx_word' id='word_1_265' title='bbox 120 3208 207 3260; x_wconf 82' lang='lat' dir='ltr'><strong>totius</strong></span> <span class='ocrx_word' id='word_1_266' title='bbox 218 3210 253 3256; x_wconf 82' lang='lat' dir='ltr'>W</span> <span class='ocrx_word' id='word_1_267' title='bbox 264 3206 275 3273; x_wconf 77' lang='grc' dir='ltr'><strong>ΙΙ</strong></span> <span class='ocrx_word' id='word_1_268' title='bbox 292 3211 325 3258; x_wconf 88' lang='grc'><strong>14</strong></span> <span class='ocrx_word' id='word_1_269' title='bbox 342 3210 515 3259; x_wconf 83' lang='lat' dir='ltr'><strong>conscientia</strong></span> <span class='ocrx_word' id='word_1_270' title='bbox 532 3211 555 3256; x_wconf 82' lang='grc' dir='ltr'><strong>Δ</strong></span> <span class='ocrx_word' id='word_1_271' title='bbox 572 3205 582 3272; x_wconf 69' lang='grc' dir='ltr'><strong>ΙΙ</strong></span> <span class='ocrx_word' id='word_1_272' title='bbox 601 3211 632 3259; x_wconf 87' lang='grc'><strong>19</strong></span> <span class='ocrx_word' id='word_1_273' title='bbox 651 3204 717 3257; x_wconf 71' lang='lat' dir='ltr'><strong>curri</strong></span> <span class='ocrx_word' id='word_1_274' title='bbox 735 3221 772 3255; x_wconf 81' lang='lat' dir='ltr'><strong>w:</strong></span> <span class='ocrx_word' id='word_1_275' title='bbox 791 3222 857 3257; x_wconf 87' lang='lat' dir='ltr'><strong>cura</strong></span> <span class='ocrx_word' id='word_1_276' title='bbox 874 3203 926 3269; x_wconf 74' lang='grc' dir='ltr'><strong>11Ιὶ</strong></span> <span class='ocrx_word' id='word_1_277' title='bbox 943 3208 975 3255; x_wconf 79' lang='grc'><strong>23</strong></span> <span class='ocrx_word' id='word_1_278' title='bbox 994 3201 1036 3267; x_wconf 80' lang='lat' dir='ltr'><strong>ut]</strong></span> 
     </span>
     <span class='ocr_line' id='line_1_37' title="bbox 69 3271 1040 3341; baseline -0.007 -15"><span class='ocrx_word' id='word_1_279' title='bbox 69 3281 98 3327; x_wconf 78' lang='grc'><strong>00</strong></span> <span class='ocrx_word' id='word_1_280' title='bbox 116 3274 282 3339; x_wconf 75' lang='grc' dir='ltr'>ΔΙᾱο101000</span> <span class='ocrx_word' id='word_1_281' title='bbox 300 3278 317 3324; x_wconf 80' lang='lat'><strong>0</strong></span> <span class='ocrx_word' id='word_1_282' title='bbox 335 3274 395 3341; x_wconf 67' lang='grc'>1104</span> <span class='ocrx_word' id='word_1_283' title='bbox 413 3277 500 3341; x_wconf 79' lang='lat' dir='ltr'><strong>gladii</strong></span> <span class='ocrx_word' id='word_1_284' title='bbox 518 3289 554 3324; x_wconf 86' lang='lat' dir='ltr'><strong>w:</strong></span> <span class='ocrx_word' id='word_1_285' title='bbox 576 3274 674 3340; x_wconf 84' lang='lat' dir='ltr'><strong>gladiis</strong></span> <span class='ocrx_word' id='word_1_286' title='bbox 692 3272 740 3339; x_wconf 66' lang='grc' dir='ltr'><strong>ΙΙΙ</strong></span> <span class='ocrx_word' id='word_1_287' title='bbox 758 3277 790 3325; x_wconf 76' lang='lat'><strong>⁶27</strong></span> <span class='ocrx_word' id='word_1_288' title='bbox 810 3271 1040 3339; x_wconf 77' lang='lat' dir='ltr'><strong>diripereacw</strong></span> 
     </span>
     <span class='ocr_line' id='line_1_38' title="bbox 70 3339 1038 3408; baseline -0.005 -16"><span class='ocrx_word' id='word_1_289' title='bbox 70 3341 83 3408; x_wconf 72' lang='grc'><strong>01</strong></span> <span class='ocrx_word' id='word_1_290' title='bbox 103 3344 137 3394; x_wconf 81' lang='lat'><strong>28</strong></span> <span class='ocrx_word' id='word_1_291' title='bbox 155 3343 236 3393; x_wconf 89' lang='lat' dir='ltr'><strong>huius</strong></span> <span class='ocrx_word' id='word_1_292' title='bbox 255 3360 316 3407; x_wconf 73' lang='lat' dir='ltr'><strong>epo.-</strong></span> <span class='ocrx_word' id='word_1_293' title='bbox 334 3345 412 3394; x_wconf 87' lang='lat' dir='ltr'><strong>ouius</strong></span> <span class='ocrx_word' id='word_1_294' title='bbox 429 3345 455 3391; x_wconf 71' lang='grc' dir='ltr'><strong>Π</strong></span> <span class='ocrx_word' id='word_1_295' title='bbox 474 3344 533 3393; x_wconf 88' lang='lat' dir='ltr'><strong>eius</strong></span> <span class='ocrx_word' id='word_1_296' title='bbox 546 3357 570 3391; x_wconf 85' lang='lat' dir='ltr'><strong>w</strong></span> <span class='ocrx_word' id='word_1_297' title='bbox 586 3346 590 3406; x_wconf 89' lang='grc' dir='ltr'>Ι</span> <span class='ocrx_word' id='word_1_298' title='bbox 606 3343 640 3392; x_wconf 88' lang='lat' dir='ltr'><strong>ad</strong></span> <span class='ocrx_word' id='word_1_299' title='bbox 659 3343 791 3406; x_wconf 84' lang='lat' dir='ltr'><strong>pietatem</strong></span> <span class='ocrx_word' id='word_1_300' title='bbox 803 3342 835 3390; x_wconf 84' lang='lat' dir='ltr'>W</span> <span class='ocrx_word' id='word_1_301' title='bbox 850 3339 854 3404; x_wconf 94' lang='grc' dir='ltr'>Ι</span> <span class='ocrx_word' id='word_1_302' title='bbox 872 3342 927 3390; x_wconf 89' lang='lat' dir='ltr'><strong>suis</strong></span> <span class='ocrx_word' id='word_1_303' title='bbox 947 3339 1038 3397; x_wconf 88' lang='lat' dir='ltr'><strong>ensib;</strong></span> 
     </span>
     <span class='ocr_line' id='line_1_39' title="bbox 66 3404 1038 3475; baseline -0.01 -14"><span class='ocrx_word' id='word_1_304' title='bbox 66 3413 176 3475; x_wconf 76' lang='lat' dir='ltr'><strong>scripsi:</strong></span> <span class='ocrx_word' id='word_1_305' title='bbox 195 3412 239 3460; x_wconf 86' lang='lat' dir='ltr'><strong>sni</strong></span> <span class='ocrx_word' id='word_1_306' title='bbox 256 3411 284 3458; x_wconf 75' lang='grc'><strong>11</strong></span> <span class='ocrx_word' id='word_1_307' title='bbox 303 3411 376 3461; x_wconf 80' lang='lat' dir='ltr'><strong>Bert.</strong></span> <span class='ocrx_word' id='word_1_308' title='bbox 396 3413 454 3461; x_wconf 86' lang='lat' dir='ltr'><strong>suis</strong></span> <span class='ocrx_word' id='word_1_309' title='bbox 473 3414 557 3461; x_wconf 85' lang='lat' dir='ltr'><strong>armis</strong></span> <span class='ocrx_word' id='word_1_310' title='bbox 575 3413 632 3461; x_wconf 81' lang='lat' dir='ltr'><strong>edd.</strong></span> <span class='ocrx_word' id='word_1_311' title='bbox 663 3408 673 3474; x_wconf 87' lang='grc' dir='ltr'><strong>ΙΙ</strong></span> <span class='ocrx_word' id='word_1_312' title='bbox 703 3411 735 3458; x_wconf 73' lang='grc'><strong>29</strong></span> <span class='ocrx_word' id='word_1_313' title='bbox 754 3409 862 3459; x_wconf 87' lang='lat' dir='ltr'><strong>uincere</strong></span> <span class='ocrx_word' id='word_1_314' title='bbox 880 3409 897 3455; x_wconf 79' lang='lat' dir='ltr'><strong>c</strong></span> <span class='ocrx_word' id='word_1_315' title='bbox 915 3406 947 3454; x_wconf 84' lang='lat' dir='ltr'>W</span> <span class='ocrx_word' id='word_1_316' title='bbox 971 3404 980 3470; x_wconf 80' lang='grc' dir='ltr'><strong>ΙΙ</strong></span> <span class='ocrx_word' id='word_1_317' title='bbox 1007 3407 1038 3453; x_wconf 84' lang='grc'><strong>31</strong></span> 
     </span>
     <span class='ocr_line' id='line_1_40' title="bbox 68 3478 540 3544; baseline -0.006 -15"><span class='ocrx_word' id='word_1_318' title='bbox 68 3478 178 3529; x_wconf 79' lang='lat' dir='ltr'><strong>distrin.</strong></span> <span class='ocrx_word' id='word_1_319' title='bbox 196 3492 226 3543; x_wconf 74' lang='grc' dir='ltr'><strong>ςε</strong></span> <span class='ocrx_word' id='word_1_320' title='bbox 245 3478 359 3530; x_wconf 88' lang='lat' dir='ltr'><strong>destrin.</strong></span> <span class='ocrx_word' id='word_1_321' title='bbox 376 3479 403 3525; x_wconf 73' lang='lat' dir='ltr'>H</span> <span class='ocrx_word' id='word_1_322' title='bbox 420 3480 424 3540; x_wconf 90' lang='grc' dir='ltr'>Ι</span> <span class='ocrx_word' id='word_1_323' title='bbox 439 3479 499 3544; x_wconf 88' lang='lat' dir='ltr'><strong>ipso</strong></span> <span class='ocrx_word' id='word_1_324' title='bbox 518 3481 540 3526; x_wconf 75' lang='lat' dir='ltr'>A</span> 
     </span>
    </p>
   </div>
   <div class='ocr_carea' id='block_1_4' title="bbox 0 0 1154 3780">
    <p class='ocr_par' dir='ltr' id='par_1_6' title="bbox 0 0 1154 3780">
     <span class='ocr_line' id='line_1_41' title="bbox 0 0 1154 3780; baseline 0 0"><span class='ocrx_word' id='word_1_325' title='bbox 0 0 1154 3780; x_wconf 95' lang='lat' dir='ltr'><strong> </strong></span> 
     </span>
    </p>
   </div>
  </div>
 </body>
</html>
