2294 3780
186 717 216 788 Ι.
251 713 921 789 e.Pn1nnoAaornnsnoUnn1

155 868 201 966 P
229 866 280 966 A
313 863 359 965 N
393 867 435 966 Ε
472 867 516 968 G
549 868 593 966 Y
628 867 673 967 R
706 867 730 965 I
767 867 801 967 O
836 868 880 965 U
916 866 948 967 S

303 1045 501 1113 TRAIANO
524 1047 611 1112 IMP.
637 1046 804 1114 DIOTUS.

122 1386 150 1450 I.
167 1385 261 1449 Bene
273 1405 312 1448 ac
326 1384 497 1468 sapienter,
513 1388 622 1469 patres
639 1384 764 1449 conseri
787 1384 825 1467 ti,
841 1383 976 1446 maiores
991 1384 1040 1446 in·

69 1470 249 1534 stituerunt
270 1471 307 1532 ut
330 1489 435 1533 rerum
458 1471 654 1552 agendarum
682 1470 728 1532 ita
757 1407 884 1532 <licendi
911 1469 1066 1531 initium-⁵

72 1576 91 1617 a
111 1553 354 1638 precationibus
377 1575 501 1637 capere,
524 1554 609 1638 quod
630 1552 714 1617 nihil
735 1553 806 1636 rite,
830 1552 914 1616 nihil
936 1553 1041 1634 proui-

28 1652 32 1671 ··
72 1638 184 1702 <lenter
205 1637 353 1703 homines
375 1638 445 1702 sine
466 1639 596 1702 deorum
617 1638 846 1702 immortalium
875 1659 936 1720 ope
967 1657 1041 1699 oon-

28 1746 31 1789 ;
76 1722 145 1787 silio
168 1723 291 1786 honore
313 1722 563 1806 auspicarentur.
594 1724 648 1806 qui
663 1744 732 1786 mos
749 1723 799 1786 cui
821 1723 1039 1805 potiusquam

28 1802 33 1873 ἶ
75 1807 201 1871 consuli
232 1810 287 1870 aut
312 1806 439 1890 quando
464 1808 569 1890 magis
591 1807 794 1891 usurpandus
825 1806 1039 1888 colendusque

28 1876 38 1927 l
78 1894 124 1953 est
144 1913 241 1974 quam
257 1913 329 1954 cum
350 1890 486 1974 imperio
502 1895 640 1974 senntm,
664 1893 852 1956 auctoritate
868 1892 914 1954 rei
936 1889 1040 1973 publi·
1054 1911 1078 1946 10

80 1994 133 2038 cae
154 1975 195 2038 ad
217 1976 360 2072 agendas
387 1977 508 2059 optimo
530 1976 669 2059 principi
695 1977 816 2060 gratias
848 1973 1042 2039 excitamur?

80 2059 159 2142 quod
196 2081 284 2123 emm
316 2060 541 2143 praestabilius
574 2064 624 2124 est
657 2068 713 2124 aut
749 2061 890 2143 pulcrius
924 2080 1041 2120 munus

80 2142 205 2207 deorum
233 2164 329 2227 quam
358 2147 464 2208 castus
492 2148 525 2208 et
553 2147 683 2209 sanctus
720 2148 752 2207 et
781 2144 829 2207 dis
860 2142 1042 2205 simillimus

82 2227 246 2311 princeps?
276 2249 314 2292 ac
335 2230 363 2293 si
385 2228 489 2292 adhuc
512 2229 643 2293 dubium
663 2229 779 2291 fuisset
799 2227 883 2289 forte
904 2246 1041 2307 casuque

82 2314 213 2375 rectores
235 2312 329 2375 terris
344 2334 387 2376 an
402 2313 507 2395 aliquo
520 2314 654 2377 numine
676 2313 838 2391 darentur,
850 2310 1040 2393 principem
1055 2329 1080 2367 ιε»

82 2396 184 2460 minen
208 2399 355 2460 nostrum
383 2396 520 2479 liqueret
547 2397 703 2461 diuinitus
726 2396 943 2461 constitutum.
973 2416 1041 2458 non

83 2479 161 2543 euim
194 2480 320 2545 occulta
346 2483 505 2564 potestate
532 2482 672 2546 fatorum
705 2481 760 2544 sed
794 2482 833 2544 ab
866 2479 942 2543 Ioue
971 2480 1041 2561 ipso

83 2582 183 2626 coram
205 2586 243 2628 ac
263 2565 372 2648 palam
398 2567 544 2648 repertus
569 2571 635 2648 est3
664 2567 783 2629 electus
812 2564 929 2647 quippe
957 2565 1042 2626 inter

83 2667 145 2711 aras
173 2652 206 2712 et
231 2648 344 2712 altaria
371 2650 542 2731 eodemque
571 2650 635 2714 loci
662 2671 755 2732 quem
784 2649 860 2712 deus
891 2647 945 2710 ille
973 2653 1052 2710 tam-

82 2732 265 2796 manifestus
291 2755 329 2798 ac
354 2755 507 2818 praesens
534 2756 628 2817 quam
657 2734 780 2797 caelum
809 2754 846 2795 ac
869 2732 973 2794 sidera
994 2732 1041 2793 in·
1056 2748 1081 2785 20

83 2814 168 2881 sedit.
203 2838 266 2902 quo
292 2819 396 2903 magis
422 2820 533 2901 aptum
566 2818 716 2903 piumque
746 2820 794 2880 est
821 2820 864 2898 te,
897 2815 1043 2898 Iuppiter·

83 2900 205 2982 optime,
235 2905 331 2967 antea
353 2902 561 2984 conditorem,
589 2923 676 2965 nuno
706 2904 962 2966 conseruatorem
985 2900 1043 2962 im·

83 2984 157 3065 perii
194 2987 299 3050 nostri
325 2987 449 3071 precari
477 2990 514 3049 ut
542 2986 621 3050 mihi
648 2986 748 3069 digna
775 2984 915 3066 consule,
945 2984 1044 3068 digna

84 3072 202 3151 senatu,
235 3070 335 3154 digna
357 3071 502 3155 principe
525 3072 694 3154 contingat
723 3071 824 3134 oratio
851 3074 950 3152 utque
977 3090 1043 3131 om-

175 3194 192 3200 -·
199 3193 279 3203 -—--·

28 2206 38 2253 l

144 3261 161 3308 6
184 3264 316 3325 caperent
338 3272 362 3307 w
386 3258 397 3324 ΙΙ
421 3261 437 3309 6
459 3258 580 3323 nihilque
605 3274 682 3323 prou.
706 3261 724 3305 0
747 3257 757 3321 ΙΙ
782 3260 814 3308 14
833 3259 901 3308 atu
925 3255 935 3321 ΙΙ
959 3255 1044 3306 1611·

82 3331 145 3388 quet
161 3339 187 3375 v
210 3325 222 3391 Ι
245 3327 278 3377 18
295 3332 419 3393 repertus
439 3326 544 3377 electus
562 3331 604 3376 eat
623 3330 723 3391 quippe
735 3326 770 3389 Η,
788 3325 1049 3376 corr.Scl1war:r'ur.

83 3388 96 3455 ll
107 3393 139 3444 22
155 3394 258 3459 optime
275 3395 394 3444 maxime
412 3409 435 3460 ς.

123 3483 272 3525 ωηατ,
897 3485 918 3532 χ
