2294 3780
96 159 139 223 50
424 160 447 211 1.
477 157 508 208 c.
526 158 643 211 Purrur
661 159 738 212 PAN.

97 312 135 373 ut
157 312 310 394 appareat
331 329 397 371 non
419 306 569 390 superbia
591 309 623 369 e't
643 305 772 370 fastidio
799 311 831 370 te
854 309 1069 392 amplissimos

98 393 237 459 honores
259 392 434 476 repudiare,
457 389 512 473 qui
534 389 675 454 minores
697 412 764 454 non
780 391 972 474 dedigneris.
996 394 1065 476 pul·

99 479 184 544 crius
210 478 282 558 hoc,
311 474 438 557 Caesar,
468 495 564 557 quam
592 473 620 536 si
646 495 806 538 recusares
835 496 960 540 omnes:
989 499 1067 540 nam

97 581 244 626 recusare
266 579 376 622 omnes
398 558 592 640 ambitionis,
614 558 842 622 moderationis
873 562 921 622 est
948 559 1066 644 eligere

73 643 314 728 sparcissimos.
351 664 414 726 quo
435 645 689 724 temperamento
712 645 744 705 et
765 642 858 706 nobis
881 646 913 706 et
938 647 1065 708 aerario

99 728 360 793 romatianae
382 728 507 808 quidem
529 727 612 806 quod
631 728 718 789 omui
740 727 855 791 liberos
874 728 1064 808 suspimum

98 813 221 876 aerario
243 814 347 875 autem
372 810 457 893 quod
480 809 659 893 sumptibus
685 812 752 873 eius
774 810 906 874 adhibes
928 812 1066 893 modum,

98 899 134 960 ut
156 895 211 978 qui
234 894 423 958 exhaustum
443 915 510 959 non
532 894 575 956 sis
597 894 821 958 innocentium
848 895 941 959 honis
964 897 1065 977 reple-

98 982 200 1043 turus.
251 982 337 1042 stant
364 977 464 1061 igitur
497 976 620 1062 effigies
652 981 736 1062 tuae,
770 979 891 1062 quales,
913 979 990 1043 olim
1024 980 1068 1042 ob¹

62 1083 87 1122 10
100 1063 231 1148 egregia
260 1063 295 1126 in
323 1083 390 1127 rem
419 1062 581 1145 publicam
609 1063 724 1126 merita
752 1063 887 1145 priuatis
918 1062 1066 1127 dicaban-

97 1151 160 1210 tur.
191 1148 339 1211 uisuntur
360 1147 471 1209 eadem
494 1168 510 1210 e
532 1147 667 1210 materia
690 1146 834 1212 Caesaris
858 1151 982 1211 statuae
1004 1169 1068 1231 qua

98 1231 282 1310 Brutorum,
316 1251 380 1313 qua
414 1230 630 1298 Camillorum.
679 1253 739 1296 nec
770 1231 930 1315 discrepat
962 1253 1066 1296 causa.

99 1317 146 1381 illi
170 1316 255 1380 enim
275 1336 367 1398 reges
390 1315 576 1400 hostemque
598 1316 753 1380 uictorem
780 1318 950 1380 moenibus
972 1316 1068 1399 depu-

99 1397 221 1465 lerunt:
249 1397 302 1463 hic
330 1421 467 1484 regnum
494 1401 608 1485 ipsum,
632 1421 774 1484 quaeque
803 1401 868 1464 alia
896 1400 1068 1484 captiuitas

62 1502 87 1542 15
100 1484 221 1569 gignit,
248 1487 336 1548 arcet
357 1505 395 1548 ac
417 1485 584 1549 submonet
612 1485 779 1569 sedemque
804 1486 930 1549 obtinet
951 1485 1067 1568 princi·

98 1568 149 1652 pis
171 1589 213 1632 ne
234 1568 276 1631 sit
297 1568 426 1632 domino
443 1569 540 1632 locus.
568 1590 605 1631 ac
620 1569 699 1630 mihi
720 1569 860 1632 intuenti
875 1569 1067 1651 sapientiam

99 1656 189 1716 tuam
210 1653 317 1717 minus
339 1656 455 1715 mirum
476 1652 603 1714 uidetur
625 1650 709 1734 quod
731 1651 881 1715 mortales
909 1653 989 1715 istos
1018 1675 1067 1716 ca·

101 1737 261 1820 ducesque
289 1736 401 1800 titulos
434 1739 491 1799 aut
518 1735 695 1817 depreceris
726 1739 780 1797 aut
807 1738 975 1819 temperes.
1004 1738 1067 1800 scis

101 1821 187 1883 enirn
208 1820 263 1883 ubi
285 1841 362 1883 uera
383 1819 549 1903 principis,
578 1818 633 1881 ubi
662 1819 856 1901 sempiterna
883 1819 926 1882 sit
952 1820 1068 1903 gloria.

63 1922 88 1962 ar
100 1903 136 1967 hi
158 1905 275 1967 sinceri
295 1902 432 1967 honores
455 1903 490 1966 in
511 1922 589 1986 quos
609 1901 690 1965 nihil
705 1901 850 1986 flammis,
873 1902 956 1966 nihil
978 1925 1068 1968 sene·

101 1988 192 2070 etuti,
208 1987 289 2052 nihil
304 1986 538 2051 successoribus
551 1986 655 2050 liceat.
675 2008 766 2050 arcus
782 1986 869 2050 enim
885 1990 917 2050 et
931 1990 1068 2070 statuas,

101 2093 172 2136 aras
196 2073 293 2136 etiam
314 2071 496 2155 templaque
519 2070 688 2134 demolitur
707 2074 739 2135 et
761 2071 910 2135 obscurat
938 2072 1068 2152 obliuio,

101 2156 246 2252 neglegit
261 2155 427 2240 carpitque
448 2154 634 2237 posteritas:
659 2159 770 2219 contra
784 2160 987 2239 contemptor
1003 2178 1067 2220 am-

102 2241 235 2304 bitionis
264 2242 296 2303 et
323 2239 468 2303 infinitae
495 2239 663 2321 potestatis
691 2238 827 2303 domitor
855 2262 894 2305 ac
925 2241 1071 2304 frenator

65 2343 90 2383 25
103 2326 228 2388 animus
255 2324 326 2407 ipsa
354 2326 514 2388 uetustate
541 2323 681 2387 florescit
706 2344 767 2387 nec
794 2324 835 2388 ah
862 2325 936 2389 ullis
964 2326 1069 2411 magis

102 2407 252 2472 laudatur
266 2428 362 2490 quam
377 2409 491 2491 quibus
513 2406 645 2472 minime
666 2429 795 2471 necesse
818 2411 875 2472 est.
908 2431 977 2473 non
992 2431 1069 2492 ergo

103 2493 256 2574 perpetua
277 2491 416 2574 principi
436 2491 522 2555 fama
544 2513 624 2574 quae
646 2491 749 2554 inuita
771 2513 843 2555 eum
865 2498 989 2576 manet,
1012 2493 1069 2556 sed

102 2575 188 2638 bona
219 2575 473 2658 concupiscenda
496 2577 559 2638 est:
592 2595 629 2637 ea
656 2595 750 2657 porro
778 2597 844 2639 non
872 2577 1069 2661 imaginibus

103 2661 135 2721 et
163 2658 288 2737 statuis,
316 2659 371 2723 sed
399 2659 517 2723 uirtute
548 2679 585 2721 ac
606 2658 730 2722 meritis
751 2665 952 2744 prorogatur.
991 2661 1070 2743 quin

63 2758 90 2800 ro
104 2742 202 2806 etiam
236 2743 357 2806 leuiora
389 2742 477 2825 haec,
510 2742 646 2806 formam
680 2743 833 2827 principis
860 2745 1068 2830 figuramque,

102 2848 169 2892 non
192 2849 305 2891 aurum
327 2827 439 2890 melius
461 2826 514 2890 uel
536 2830 706 2910 argentum
728 2850 824 2910 quam
853 2830 946 2892 fauor
968 2828 1069 2893 homi-

124 2951 130 2955 .
161 2950 310 2958 ...μ-.-

171 2997 403 3048 moderationis
421 3002 463 3047 est
486 3000 521 3046 V:
550 2997 786 3048 moderationisB
812 2998 964 3050 moderatio
991 3004 1069 3050 estc

103 3064 136 3111 W
164 3061 174 3128 ΙΙ
205 3065 346 3115 hastario
366 3064 685 3129 consulis-suspitione
703 3081 749 3116 om.
768 3068 803 3126 M,
821 3069 882 3118 add.
900 3080 925 3114 w
949 3065 959 3132 ΙΙ
985 3067 1069 3117 ludi-

104 3131 238 3180 cabantur
257 3147 286 3197 ςε
314 3132 476 3183 dicebantur
501 3133 528 3180 Η
559 3130 569 3197 ΙΙ
600 3135 631 3183 19
649 3133 781 3197 principis
804 3150 851 3187 om,
870 3135 902 3182 W
931 3132 940 3198 ΙΙ
971 3137 1004 3185 20
1026 3133 1067 3199 hi]

105 3198 152 3246 ubi
171 3201 228 3248 edd.
244 3198 248 3263 Ι
264 3200 367 3249 sinceri
384 3216 444 3264 epo:
463 3201 521 3250 sint
537 3202 637 3249 BVW
655 3207 718 3250 sunt
736 3203 753 3248 0
771 3198 780 3265 ΙΙ
798 3202 831 3250 24
850 3199 896 3265 ac]
917 3204 993 3252 etW
1009 3200 1019 3267 ΙΙ
1036 3204 1069 3251 26

103 3273 165 3329 post
182 3280 295 3317 necesse
316 3271 358 3316 est
375 3267 450 3331 Cusp.
469 3269 544 3317 addit
561 3274 706 3331 praeterea
727 3273 757 3316 ut
776 3270 890 3332 quisque
914 3270 1007 3319 factus
1026 3276 1071 3320 est

105 3333 233 3398 princeps
246 3334 370 3399 exemplo
390 3332 534 3400 (extemplo
552 3334 663 3400 Kellios)
682 3337 757 3385 fama
775 3336 834 3387 eius
851 3337 986 3386 incertum
997 3338 1070 3387 hona

106 3416 142 3450 an
160 3400 240 3463 mala,
259 3405 381 3451 ceterum
399 3407 514 3453 aeterna
533 3408 576 3453 est
599 3400 609 3467 ΙΙ
633 3406 665 3455 27
683 3404 774 3453 inuita
793 3419 854 3454 eum
872 3420 933 3469 epo:
951 3405 1071 3455 inuitum

105 3470 128 3516 V
144 3469 178 3515 W
194 3469 224 3518 in
241 3469 341 3519 uitium
357 3469 377 3517 B
396 3471 412 3516 c
