2294 3780
120 182 184 246 204
441 184 489 237 rr.
519 183 668 234 rueram
686 182 766 233 Plu.

122 333 161 397 ad
183 333 397 397 resistendum
419 331 498 395 Padi
520 332 622 395 limite
647 335 703 395 aut
724 330 892 415 Apennini
913 329 999 414 iugis
1020 331 1087 394 ute-

121 421 225 500 retur,
255 418 310 481 sed
332 417 456 481 litteras
480 416 699 480 calamitatum
721 437 849 480 suarum
870 414 993 478 indices
1016 436 1088 497 sup-

121 503 291 586 primebat,
314 500 475 564 interdum
498 501 595 564 etiam
616 501 724 583 palam
745 504 902 583 utusque
924 499 965 561 ad
979 504 1089 581 portas

122 588 284 650 ueniretur
306 585 453 668 optabat,
475 606 542 648 non
563 585 755 669 intellegens
778 585 978 649 maiestatem
999 583 1089 646 illam

95 671 224 751 sorbis,
251 691 332 753 quae
354 669 477 752 pridem
500 668 645 733 admotos
667 669 823 733 exercitus
846 667 1088 750 sollicitauerat,

121 756 187 818 iam
208 753 340 837 flagitiis
363 753 463 836 ipsius
486 753 697 817 deformatam
724 757 756 817 et
778 753 905 817 sedibus
931 752 998 816 suis
1020 753 1091 835 pul-

122 860 189 903 sam
212 837 251 900 ad
267 841 324 900 tua
346 837 464 901 auxilia
477 838 630 901 transisse
651 860 710 902 neo
732 838 806 901 ullis
824 836 974 920 praemiis
996 857 1090 918 posse

122 921 283 1004 corrumpi
316 943 394 1004 quos
422 921 482 985 tibi
516 926 644 1005 praeter
677 921 904 986 liberalitatem
930 924 1020 985 tuam
1057 924 1091 984 et

123 1006 316 1071 sacramenti
337 1006 432 1070 fidem
447 1009 497 1070 tot
518 1007 727 1071 uictoriarum
742 1006 865 1090 gloriae
883 1005 1089 1069 dicauissent.

85 1113 111 1154 ιο
145 1091 193 1154 uis
208 1091 293 1154 enim
309 1090 409 1170 miles,
434 1091 488 1173 qui
502 1091 599 1155 ductu
616 1095 711 1174 atque
726 1091 876 1174 auspiciis
891 1090 954 1153 tuis
970 1089 1091 1152 totiens

122 1113 305 1239 delicissime
338 1175 538 1256 dimicasset,
576 1175 709 1239 uulnera
742 1175 791 1239 illi
824 1195 882 1238 sua
911 1172 1091 1237 uenderet?

122 1259 198 1324 belli
226 1259 290 1322 iam
317 1281 419 1342 paene
448 1260 587 1323 confecti
615 1280 772 1324 summam
799 1256 1012 1323 concederet?
1057 1262 1092 1321 at

123 1343 209 1408 enim
226 1347 262 1407 tu
284 1344 317 1406 id
331 1344 435 1427 ipsum
457 1344 496 1408 de
519 1343 631 1407 ardore
645 1345 743 1407 totius
767 1344 923 1408 exercitus
946 1341 1091 1405 sentiens

124 1429 192 1492 siue
214 1428 280 1491 ulla
301 1428 482 1492 haesitandi
504 1449 601 1510 mora,
625 1449 687 1511 qua
709 1427 932 1492 breuissimum
954 1447 1012 1510 per
1028 1424 1093 1490 Ue·

85 1516 215 1575 muetos
243 1512 306 1576 iter
328 1516 392 1593 est,
421 1515 513 1595 rapto
541 1513 670 1596 agmine
696 1512 865 1594 adunasti,
896 1511 1092 1575 celeritatem

74 1602 81 1615 '
123 1596 211 1660 illam
233 1596 268 1659 in
289 1597 430 1743 {arendo
451 1596 609 1679 Scipionis
632 1599 665 1660 et
681 1595 824 1662 Caesaris
847 1597 930 1659 hanc
952 1595 1092 1658 maxime

125 1681 267 1763 cupienti
319 1701 409 1745 omae
430 1684 683 1762 repraesentans.
721 1681 802 1745 haec
824 1684 873 1744 cst
894 1679 1011 1743 fiducia
1032 1679 1093 1742 im·

123 1764 280 1846 peratoris
308 1765 422 1827 inuicti
450 1768 483 1828 et
504 1785 633 1828 suorum
660 1766 821 1831 mentibus
843 1765 919 1828 freti
946 1785 1013 1827 non
1036 1763 1092 1826 du-

124 1848 226 1911 bitare
254 1868 314 1910 nec
343 1847 469 1911 trahere
493 1848 627 1928 bellum,
656 1849 711 1912 sed
739 1852 918 1932 proximum
945 1848 1093 1931 quodque

86 1954 111 1993 sc
123 1952 252 2014 pugnae
267 1934 393 2014 tempus
414 1935 527 2014 putare
546 1932 724 1998 uictoriam.
752 1955 819 1998 non
842 1933 928 1997 enim
950 1953 1001 1996 res
1024 1935 1095 1995 erat

124 2015 183 2079 tibi
207 2018 243 2079 ut
265 2014 302 2090 Q.
326 2015 467 2080 Maximo
491 2038 563 2080 cum
585 2017 769 2082 Hannibale
791 2019 929 2100 uictore,
961 2019 998 2080 ut
1018 2019 1095 2099 post

124 2121 174 2164 res
203 2121 332 2183 asperas
360 2101 465 2164 locum
487 2105 674 2185 tempusque
703 2106 862 2186 captares,
893 2101 946 2165 sed
976 2121 1094 2185 urgere

124 2190 156 2249 te
185 2206 348 2248 successus
375 2189 447 2250 tuos
477 2190 509 2250 at
538 2188 726 2250 continuare
754 2188 904 2251 uictorias
936 2189 968 2249 et
994 2206 1095 2268 quam

124 2270 264 2353 primum
287 2270 456 2335 subuenire
478 2271 549 2334 urbi
572 2272 713 2335 decebat.
755 2271 910 2354 sapientis
934 2269 1021 2333 enim
1044 2272 1095 2333 est

86 2371 111 2411 2⁵
124 2354 325 2437 imperatoris
352 2354 463 2418 fractis
491 2355 585 2420 rebus
619 2356 798 2419 cunctando
826 2353 1008 2436 consulere,
1046 2374 1095 2418 se·

126 2439 237 2502 cundia
259 2460 326 2502 non
349 2438 457 2503 deesse
479 2439 635 2504 fortunae.

188 2522 277 2585 XVI.
320 2523 433 2606 Itaque
460 2545 559 2586 unum
587 2527 653 2586 iam
674 2523 754 2587 illud
775 2524 950 2588 timebatur
973 2521 1094 2586 ncilla

126 2605 316 2668 conterritus
339 2607 389 2670 his
409 2607 541 2688 uiribus
563 2608 706 2690 grauiter
727 2607 866 2672 afflictus
889 2611 921 2671 et
935 2607 970 2670 in
987 2609 1095 2670 artum

125 2689 274 2753 redactus
297 2689 373 2754 boni
395 2690 574 2755 consuleret
595 2695 627 2755 et
642 2692 763 2756 debitas
785 2691 996 2776 reipublicae
1019 2712 1096 2774 poe·

194 2898 208 2944 1
228 2897 263 2945 ad
281 2895 465 2946 resistendum
483 2897 532 2946 del.
553 2897 686 2947 Acidaliae
706 2893 710 2960 Ι
730 2903 760 2947 ut
777 2897 846 2947 Padi
864 2911 889 2945 w
914 2894 924 2961 ΙΙ
953 2895 1097 2946 2iudices

124 2964 147 3010 A
165 2964 184 3011 B
203 2965 220 3011 0
238 2964 260 3011 V
282 2962 286 3026 Ι
311 2964 500 3028 supprimebat
518 2965 537 3012 B
557 2964 579 3011 V
596 2978 630 3012 w:
650 2965 858 3029 supprimebant
875 2965 933 3012 Ac
962 2961 972 3028 ΙΙ
1002 2964 1019 3011 6
1038 2963 1097 3013 suia

124 3045 174 3094 pro
195 3031 284 3080 uleam
301 3032 334 3078 W
355 3029 365 3095 ΙΙ
389 3033 404 3081 8
424 3028 462 3096 et]
483 3031 517 3080 ad
536 3032 558 3079 V
581 3028 591 3095 ss
615 3034 630 3082 9
649 3031 823 3083 dicauissent
839 3045 877 3079 w:
896 3031 935 3080 dii
952 3030 1098 3082 cauissaut

125 3100 152 3145 Μ
169 3046 229 3161 list
248 3101 329 3146 malim
346 3098 476 3148 uenderet
493 3103 520 3148 et
536 3098 603 3149 belli
619 3096 629 3164 ΙΙ
648 3101 680 3149 14
698 3101 756 3149 sine
774 3098 833 3148 ulla
850 3098 941 3150 Bert:
958 3112 1013 3148 uon
1032 3099 1096 3149 siue

124 3164 183 3214 ulla
201 3167 228 3212 Μ
243 3166 247 3226 l
262 3167 383 3216 Uenetos
401 3167 546 3218 Liuineius:
565 3182 611 3218 eos
628 3169 656 3215 Μ
668 3165 679 3232 ΙΙ
693 3169 724 3216 16
742 3168 771 3216 in
789 3166 904 3232 gerendo
923 3182 985 3230 epo:
1003 3166 1033 3214 in
1051 3180 1096 3215 re-

125 3232 213 3297 gendo
231 3235 258 3280 Μ
276 3234 306 3281 in
322 3249 353 3283 re
372 3233 491 3298 gerenda
509 3248 533 3283 w
551 3236 555 3294 Ι
578 3235 649 3284 hanc
666 3237 776 3298 scripsi:
795 3241 861 3284 tunc
879 3235 907 3282 Η
925 3248 1007 3297 quam
1026 3232 1097 3295 Eys-

124 3301 278 3351 senioretus
291 3297 300 3364 ΙΙ
313 3302 345 3349 21
363 3305 394 3349 ut
408 3299 455 3365 Q]
474 3306 536 3365 utq;
549 3303 572 3348 Δ
588 3303 683 3365 utique
700 3303 719 3350 B
733 3302 783 3351 GV
800 3303 842 3351 uti
860 3303 876 3367 ij
893 3315 919 3350 w
931 3300 941 3366 d
954 3302 986 3351 23
1003 3301 1097 3350 uicto·

125 3369 178 3418 rias
196 3373 224 3418 et
240 3367 333 3418 Bert:
352 3369 469 3419 uictoria
488 3369 533 3419 sed
545 3370 568 3415 Δ
580 3370 597 3417 c
609 3370 632 3415 V
649 3371 795 3419 uictoriam
815 3369 861 3418 sed
878 3369 943 3418 ΠΙ
955 3366 965 3434 fl
978 3369 1011 3419 28
1031 3382 1096 3419 con·

124 3438 234 3486 territus
253 3438 328 3487 eda:
348 3441 493 3487 contentus
504 3438 531 3484 H
544 3434 554 3499 ΙΙ
566 3436 599 3486 29
618 3433 658 3503 ct]
677 3441 708 3486 ut
721 3438 854 3486 Acidaliae
869 3439 873 3499 Ι
889 3451 975 3500 penas
994 3434 1096 3499 cvii)

125 3517 161 3552 w:
180 3520 267 3570 pynas
285 3504 307 3550 Δ
324 3504 344 3551 B
