2294 3780
434 156 466 206 V.
496 153 648 207 INOERTI
665 153 745 206 PAN.

563 339 607 413 V·
655 332 699 403 ΩΑ
717 327 733 394 ζ
769 314 795 389 dr
809 320 824 383 ,ἶ
834 338 882 385 tr·

404 488 776 588 INOERTI

168 637 478 705 PANEGYRIOUS
509 636 785 704 CONSTANTIO
818 635 1009 704 CAESARI

473 761 499 810 D
516 759 531 809 Ι
549 759 570 810 O
588 759 611 808 T
630 759 655 809 U
673 758 703 810 S.

80 930 94 971 c
170 908 197 973 Ι.
227 907 261 974 si
283 908 372 992 mihi,
396 907 512 974 Caesar
532 909 663 991 inuicte,
685 909 761 990 post
775 907 959 971 diuturnum
977 905 1075 970 silen-

78 994 187 1070 tium
215 994 282 1056 sola
311 998 394 1057 esset
421 992 579 1057 uincenda
602 991 772 1075 trepidatio
803 1012 866 1074 qua
890 990 1075 1055 rudimenta

106 1077 263 1161 quaedam
284 1078 372 1141 uocis
387 1099 475 1141 meae
497 1098 607 1141 rursus
630 1076 789 1159 experior:
813 1075 898 1140 haud
913 1075 1075 1139 immerito

107 1183 158 1226 me
180 1161 265 1226 ultra
291 1183 387 1244 quarn
409 1166 496 1225 aetas
524 1164 558 1224 et
579 1161 869 1244 quantulacumque
890 1159 987 1223 studii
1008 1159 1075 1223 mei

108 1247 208 1310 ferret
236 1246 343 1330 opinio
369 1246 548 1329 perturbari
571 1244 753 1327 confiterer,
783 1243 973 1327 praesertim
1001 1256 1075 1308 cum

70 1353 95 1393 10
108 1333 188 1415 aput
215 1332 414 1395 maiestatem
443 1333 530 1394 tuam
566 1329 675 1393 diuina
707 1329 861 1392 uirtutum
894 1330 1075 1392 uestrarum

107 1415 261 1479 miracula
275 1415 504 1498 praedicarem.
528 1435 591 1498 quo
605 1414 641 1477 in
651 1434 769 1498 genere
784 1413 938 1476 orationis
953 1416 1075 1495 quanta

41 1556 44 1561 .
110 1504 194 1563 esset
216 1521 300 1581 cura,
325 1503 461 1581 quantus
483 1499 581 1580 labor,
608 1519 702 1581 quam
725 1497 862 1561 sollicita
883 1496 1073 1576 lucubratiO,

109 1583 195 1646 sensi
216 1582 327 1665 etiam,
358 1604 429 1647 eum
457 1583 491 1645 in
519 1581 682 1646 cotidiana
709 1581 765 1646 illa
785 1581 1001 1645 instituendae
1027 1581 1075 1644 iu-

109 1667 250 1731 uentutis
278 1666 506 1730 exercitatione
534 1686 696 1748 uersarer,
724 1665 870 1749 quamuis
898 1665 941 1728 ibi
969 1663 1076 1748 prima

72 1755 188 1815 istunc
217 1751 252 1813 in
277 1754 499 1814 renascentem
527 1750 756 1833 rempublicam
779 1751 880 1833 patris
909 1770 946 1813 ac
967 1749 1077 1832 patrui

109 1835 158 1897 tui
179 1834 308 1916 merita,
336 1835 411 1898 licet
433 1834 566 1898 dicendo
588 1855 724 1917 aequare
746 1856 811 1898 non
831 1855 974 1982 gossem,
1003 1855 1078 1917 pos·

110 1939 178 1981 sem
198 1922 306 1981 tamen
333 1939 498 1983 recensere
524 1919 752 1983 enumerando,
796 1940 829 1983 se
874 1940 946 1983 cum
970 1920 1003 1983 et
1024 1940 1077 1983 me

110 2023 149 2065 ex
171 2001 227 2066 illo
241 2006 348 2067 uetere
372 2003 529 2068 curriculo
551 2006 606 2068 aut
620 2004 706 2068 inter
725 2004 823 2088 adyta
837 2002 954 2067 Palatii
975 2003 1078 2067 nestri

110 2086 172 2150 alia
200 2088 355 2170 quaedam
383 2088 540 2153 sermonis
570 2089 677 2153 arcani
705 2089 787 2153 ratio
816 2087 992 2152 demonerit
1020 2091 1079 2152 aut

69 2193 97 2234 co
109 2175 184 2255 post
197 2171 354 2237 indultam
377 2195 396 2236 a
410 2174 530 2256 pietate
550 2177 656 2238 uestra
672 2173 812 2256 quietem
833 2171 973 2236 studium
992 2172 1078 2236 ruris

110 2257 279 2322 abduxerit
300 2261 333 2322 et
353 2279 413 2323 uos
433 2258 564 2322 interim
586 2257 710 2322 nullum
732 2255 934 2321 ulciscendae
957 2269 1078 2340 augen-

110 2342 231 2425 daeque
253 2343 299 2406 rei
320 2343 468 2426 publicae
490 2364 624 2406 uacuum
646 2345 772 2425 tempus
795 2340 976 2424 amiseritis,
1003 2361 1079 2404 oum

108 2428 160 2489 tot
174 2430 287 2522 postea
307 2428 426 2491 uirtute
447 2429 556 2491 nestra
570 2430 681 2510 partae
700 2426 865 2508 uictoriae,
888 2428 937 2490 tot
951 2425 1078 2490 excisae

109 2508 250 2591 undique
271 2511 427 2574 barbarae
449 2511 607 2592 nationes,
629 2513 680 2575 tot
703 2511 850 2574 translati
872 2511 938 2573 sint
959 2510 994 2573 in
1011 2508 1078 2573 Ro·

71 2611 97 2655 as
111 2612 206 2655 mana
237 2592 389 2676 cultores,
424 2598 467 2658 tot
497 2593 613 2676 prolati
644 2594 779 2678 limites,
814 2597 864 2658 tot
891 2594 1077 2677 prouinciae

178 2800 193 2848 5
212 2798 315 2847 inuicte
334 2798 411 2849 onec
427 2794 438 2862 ΙΙ
457 2799 488 2846 11
507 2797 639 2848 miracula
655 2803 807 2849 uestrarum
829 2799 933 2856 11001
952 2797 1078 2863 predice-

110 2867 161 2916 rim
180 2881 196 2931 ς
213 2863 223 2932 d
243 2868 272 2915 12
291 2865 445 2916 lucubratio
463 2881 525 2930 eqo:
542 2867 683 2916 ueneratio
701 2865 755 2932 111
774 2869 806 2916 14
824 2867 862 2915 ibi
878 2868 987 2930 scripsi:
1005 2866 1077 2914 enim

109 2935 136 2980 At
154 2932 163 2998 ΙΙ
182 2935 213 2983 16
231 2933 344 2983 dicendo
362 2949 409 2987 om.
429 2935 447 2981 0
468 2929 480 2999 ll
501 2935 532 2982 17
550 2948 696 2985 recensere
715 2936 731 2982 0
750 2934 839 2984 Βενι..·
857 2933 903 2983 uel
923 2947 1033 2984 censore
1051 2936 1078 2981 At

112 2999 115 3065 l
140 3000 323 3050 enumerando
342 3016 403 3066 eqo:
422 3000 590 3052 numerando
607 3001 634 3049 n
660 3000 664 3066 Ι
692 3017 752 3051 cum
771 3006 799 3051 et
817 3017 860 3052 me
879 3017 913 3052 ex
931 3000 1078 3051 Maturius:

111 3082 173 3117 oum
192 3074 220 3117 et
237 3069 266 3117 in
286 3083 318 3117 eo
336 3068 357 3115 B
375 3068 392 3116 0
411 3068 433 3115 V
456 3071 484 3118 et
502 3083 562 3117 eum
580 3074 609 3118 et
626 3084 685 3118 meo
704 3070 727 3116 A
748 3073 775 3116 et
794 3084 854 3119 cum
875 3069 905 3117 in
922 3083 983 3118 meo
1003 3067 1077 3119 Bert.

111 3149 173 3183 oum
190 3150 232 3184 mc
250 3137 280 3185 in
298 3150 330 3185 eo
349 3149 374 3183 w
386 3132 396 3201 11
410 3137 442 3186 18
461 3140 558 3185 curric.
576 3135 626 3186 illo
646 3142 741 3186 uetere
760 3136 835 3187 Bert.
853 3133 912 3201 [119
931 3131 999 3202 alia]
1019 3135 1077 3185 alte

110 3203 225 3264 Laeuius
237 3200 248 3267 ΙΙ
260 3204 292 3252 21
310 3203 422 3253 interim
439 3219 487 3257 om.
500 3204 533 3252 W
550 3203 624 3252 inter
641 3203 664 3251 A
678 3200 682 3269 Ι
698 3203 892 3268 augendaeque
911 3204 956 3253 W:
977 3218 1078 3268 augen-

111 3269 192 3334 dique
210 3270 233 3318 Δ
251 3270 392 3334 augendae
410 3272 495 3320 BGV
512 3270 522 3336 ΙΙ
543 3273 576 3322 22
595 3275 701 3336 tempus
720 3287 766 3321 om.
784 3273 801 3319 0
823 3269 833 3336 ss
854 3273 888 3321 24
905 3271 934 3321 in
952 3271 1077 3321 Romana

112 3338 213 3390 Liuia:
236 3338 265 3386 in
283 3353 366 3389 roma.
388 3339 417 3388 in
434 3354 547 3391 romana
565 3339 633 3388 Ain
652 3338 766 3388 Romam
782 3337 857 3390 Bert.
879 3340 908 3388 in
926 3353 1003 3388 roma
1021 3338 1040 3385 B
1060 3340 1077 3386 0

110 3406 140 3455 in
157 3420 233 3455 roma
250 3407 280 3456 in
297 3421 373 3457 rome
385 3408 408 3455 V
426 3424 489 3458 rura
507 3409 536 3458 in
554 3420 666 3458 romana
682 3419 707 3453 w
719 3403 730 3470 ΙΙ
742 3407 775 3456 25
794 3410 835 3456 tot
853 3407 915 3457 odd.
929 3406 1077 3456 Acidaliae:

110 3489 157 3524 om.
175 3474 203 3522 H
