2294 3780
96 130 139 195 36
418 132 441 187 I.
472 132 501 182 C.
520 133 638 184 PLINII
655 133 733 182 PAN.

95 285 211 344 natura
245 282 414 363 pateretur,
448 301 542 361 quam
572 279 709 341 libenter
742 282 791 341 tot
825 281 982 362 spoliatis
1014 285 1065 346 tot

96 365 265 430 trucidatis
298 364 490 447 sanguinem
523 364 555 425 11
591 363 675 425 bona
707 361 896 426 refudissest
934 367 1064 429 uetuisti

98 451 186 536 exigi
208 451 291 534 quod
313 447 420 511 deberi
447 467 514 509 non
541 449 596 507 tuo
623 444 749 508 saeculo
780 449 937 529 coeperat.
983 448 1063 512 alius

97 539 135 599 ut
164 531 403 600 contumacibus
432 529 622 592 irasceretur
643 527 889 612 tarditatemque
918 532 1063 594 soluendi

73 618 189 701 sdupli
214 617 265 679 uel
293 615 390 679 etiam
414 613 580 695 quadrupli
608 613 801 698 irrogatione
830 616 999 679 multaret:
1028 619 1063 677 tu

98 701 179 765 nihil
201 699 320 762 referre
342 698 520 780 iniquitatis
536 697 708 778 existimas,
733 699 842 782 exiges
857 700 943 782 quod
957 699 1062 763 deberi

98 804 164 848 non
187 783 361 867 oportuerit
383 804 426 845 an
447 782 620 845 constituas
643 785 680 846 ut
702 783 863 847 debeatur.

162 868 245 932 XLI.
280 867 384 948 FereS,
410 864 536 949 Caesar,
560 888 668 930 curam
684 869 716 930 et
730 867 977 932 sollicitudinem
993 889 1065 932 con-

98 953 245 1016 sularem.
289 973 364 1014 nam
386 950 465 1014 mibi
487 972 523 1015 oo
550 951 643 1014 'tanti
669 952 803 1014 cundem
825 955 856 1014 11
879 953 1065 1016 collationes

61 1057 87 1096 10
98 1036 269 1118 remisisse,
285 1035 472 1099 donatiuum
483 972 666 1117 reddidisse,
690 1035 892 1118 congiarium
903 1037 1065 1119 obtulisse,

99 1121 256 1185 delatores
273 1120 428 1204 abegisse,
450 1119 621 1203 uectigalia
639 1123 843 1202 temperasse,
867 1120 1066 1204 interrogan-

99 1205 158 1269 dus
179 1204 299 1268 uideris
322 1205 441 1267 satisne
464 1202 698 1286 computaueris
720 1203 847 1286 imperii
861 1204 992 1267 reditus.
1023 1226 1065 1266 an

98 1293 208 1354 tantas
242 1289 325 1352 uires
353 1287 452 1352 habet
484 1289 653 1373 frugalitas
681 1287 836 1371 principis
868 1290 905 1350 ut
932 1290 981 1351 tot
1007 1289 1066 1350 irn-

99 1374 235 1459 pendiis,
259 1375 309 1436 tot
331 1373 569 1456 erogationibus
592 1373 659 1437 sola
689 1372 850 1436 sufficiat?
888 1393 964 1435 narn
992 1372 1067 1455 quid

62 1475 87 1517 11
100 1462 150 1523 est
173 1478 285 1522 causae
308 1458 455 1520 curaliis
479 1457 615 1540 quidem,
640 1479 711 1520 curn
734 1458 842 1520 omnia
864 1461 1014 1540 raperent
1035 1461 1068 1519 et

100 1546 194 1625 rapta
226 1541 412 1622 retinerent,
441 1544 478 1604 ut
511 1541 538 1602 si
566 1540 648 1603 nihil
680 1541 872 1622 rapuissent,
908 1539 1067 1603 defuerint

100 1626 218 1709 omnia,
240 1626 311 1708 tibi,
336 1646 407 1688 cum
421 1627 488 1687 tam
504 1625 605 1687 multa
626 1624 774 1707 largiaris
787 1628 819 1687 11
833 1623 915 1687 nihil
931 1624 1066 1703 auferas,

100 1714 138 1775 ut
159 1713 186 1775 si
208 1709 290 1775 nihil
311 1709 459 1793 largiaris
482 1711 514 1771 et
536 1707 660 1771 auferas
682 1710 800 1789 omnio,
830 1708 936 1769 omnia
959 1728 1066 1789 super-

101 1796 190 1859 sint?
228 1815 401 1876 numquam
437 1792 636 1875 principibus
672 1790 845 1854 defuerunt
876 1793 929 1873 qui
961 1790 1068 1854 fronte

62 1896 89 1938 so
102 1879 188 1945 tristi
216 1883 248 1941 ct
274 1877 366 1961 graui
393 1876 562 1959 supercilio
586 1875 778 1939 utilitatibus
804 1875 873 1938 fisci
904 1879 1067 1938 contuma-

103 1964 182 2028 citer
211 1963 368 2026 adessent.
412 1965 445 2024 et
473 1963 564 2023 erant
591 1960 752 2045 principes
781 1959 843 2042 ipsi
871 1981 928 2043 sua
953 1962 1068 2042 sponte

102 2047 188 2111 auidi
211 2055 242 2109 11
264 2067 395 2129 rapaces
419 2049 450 2108 et
472 2045 526 2127 qui
547 2045 709 2129 magistris
724 2064 790 2107 non
807 2045 954 2191 egerent,
975 2044 1069 2127 plura

101 2134 211 2196 tamen
240 2151 364 2212 semper
391 2151 410 2192 a
436 2129 531 2192 nobis
559 2132 671 2192 contra
698 2149 758 2191 nos
786 2127 817 2190 di
840 2128 974 2192 icerunt.
1015 2129 1069 2191 sed

103 2215 144 2279 ad
165 2217 237 2278 tuas
259 2236 350 2278 aures
373 2235 445 2278 cum
468 2215 582 2277 ceteris
604 2213 751 2277 omnibus
774 2215 842 2275 111111
864 2213 916 2276 uel
931 2213 1068 2275 maxime

64 2317 92 2359 ss
104 2298 209 2362 auaris
246 2299 481 2363 adulationibus
517 2298 699 2361 obstructus
736 2301 784 2360 est
816 2296 930 2361 aditus.
974 2297 1071 2358 silent

104 2404 181 2466 ergo
205 2387 237 2446 et
254 2385 431 2466 quiescunt,
454 2387 494 2463 et,
517 2385 685 2464 postquam
707 2403 773 2445 non
796 2384 845 2446 111
867 2381 917 2444 cui
940 2380 1070 2443 suadea-

104 2471 166 2549 tur,
199 2467 254 2548 qui
286 2467 443 2530 suadeant
474 2488 541 2529 non
564 2470 647 2530 sunt.
691 2487 752 2549 quo
781 2467 889 2529 euenit
916 2468 967 2545 ut,
1001 2485 1070 2527 cum

104 2551 277 2635 plurimum
298 2550 360 2613 tibi
381 2570 439 2631 pro
461 2549 534 2630 tuis,
559 2550 631 2631 plus
654 2554 763 2612 tamen
784 2570 841 2632 pro
863 2548 983 2612 nostris
1006 2568 1069 2611 mo-

105 2636 194 2699 ribus
217 2634 397 2697 debeamus.

69 2741 94 2781 ao
170 2718 271 2784 XLII.
306 2715 562 2863 locupletabant
584 2717 616 2778 11
637 2715 749 2778 fiscum
772 2725 804 2778 et
826 2717 982 2780 aerarium
1004 2736 1071 2778 non

107 2807 175 2868 tarn
181 2801 344 2867 Uoconiae
356 2804 388 2865 et
416 2799 499 2863 uliae
511 2799 599 2882 leges
612 2821 708 2881 quam
720 2800 896 2863 maiestatis
908 2800 1071 2883 singulare

107 2951 124 2958 a.
135 2953 188 2959 ...-..
210 2953 232 2957 ⁴..
242 2951 309 2959 ᾳ-..-

177 3039 382 3102 2sanguined
412 3035 422 3102 11
452 3036 530 3087 51111
549 3039 634 3087 etiam
652 3040 730 3088 edd:
753 3037 799 3087 uel
822 3041 848 3086 11
865 3040 891 3085 Η
909 3038 955 3087 uel
972 3040 1026 3087 siae
1046 3043 1074 3087 et

109 3105 177 3173 ςΙΙΒ
195 3106 251 3156 fers
268 3107 288 3154 B
306 3103 316 3170 ΙΙ
337 3107 368 3155 13
387 3104 536 3168 frugalitas
554 3118 592 3153 w:
612 3104 753 3170 fragilitas
770 3106 797 3152 Μ
813 3101 824 3170 ΙΙ
842 3107 873 3155 16
890 3111 950 3169 post
967 3106 1075 3170 rapuis-

109 3180 170 3224 sent
189 3175 248 3225 edd.
266 3175 365 3223 addam
383 3171 452 3221 nihil
475 3172 660 3222 detinuissent
682 3171 876 3237 (retinuissent
893 3170 1039 3237 Liuineius)
1059 3171 1071 3238 11

111 3244 141 3292 17
161 3245 186 3290 11
205 3240 274 3288 nihil
291 3241 359 3288 BV:
378 3244 407 3289 at
425 3242 442 3286 c
461 3255 513 3288 nec
531 3237 582 3303 1111
605 3241 636 3290 18
655 3243 687 3289 ut
705 3241 730 3290 si
748 3238 818 3288 nihil
835 3239 1007 3304 largiariset
1026 3255 1074 3290 au-

111 3310 187 3358 feras
204 3308 272 3355 BV:
290 3323 337 3356 one.
356 3310 373 3354 c
390 3309 423 3354 W
440 3322 518 3356 causa
538 3315 631 3370 aperta
646 3305 649 3372 Ι
666 3308 767 3363 omnia,
785 3307 875 3357 omnia
893 3311 1075 3372 1111111111]-

110 3377 158 3425 nia
179 3376 206 3421 H
235 3372 244 3438 ΙΙ
274 3377 307 3424 20
330 3375 409 3439 graui
431 3379 460 3424 11
481 3374 556 3424 tristi
579 3375 595 3422 0
625 3373 634 3438 ΙΙ
664 3376 695 3424 21
720 3374 773 3439 ipsi
797 3389 842 3424 om.
866 3377 899 3422 W
928 3373 937 3439 ΙΙ
957 3377 1000 3425 128
1023 3375 1075 3426 tibi

111 3458 171 3493 cum
189 3441 334 3508 plurimum
353 3444 370 3490 (t
