2294 3780
399 144 560 196 TRAIANO
579 147 613 196 D.
634 148 741 198 12-14,
1012 147 1050 210 13

80 294 228 358 euntium
256 294 432 358 certamina
459 294 601 358 uirorum
629 315 717 358 arma
739 316 955 378 componeres,
985 298 1050 360 tela

79 381 260 462 temptares
289 399 336 462 ac,
365 379 392 442 si
418 378 504 462 quod
532 379 640 442 durius
672 380 843 462 accipienti
879 380 1050 461 uideretur,

83 463 153 546 ipse
168 463 322 526 uibrares.
361 464 437 546 quid
453 484 525 526 cum
539 463 692 526 solacium
713 463 817 544 fessis,
840 464 945 548 aegris
956 485 1050 547 opem

81 547 207 612 ferres?
229 568 296 610 non
317 546 378 610 tibi
400 547 496 611 moris
518 550 576 611 tua
598 547 680 611 inire
701 549 850 631 tentoria,
878 549 942 612 nisi
964 570 1050 613 com·

82 630 268 696 militonum
291 634 366 695 ante
388 631 568 713 lustrasses,
592 653 652 696 nec
674 633 815 715 requiem
837 633 964 716 corpori
986 634 1077 696 nisis

79 718 157 800 post
190 736 301 779 omnes
335 716 420 779 dare.
469 715 547 779 haut
577 715 657 779 mihi
690 717 898 780 admiratione
934 718 1050 801 dignus

77 802 257 883 imperator
278 800 451 881 uideretur,
478 800 505 862 si
527 800 612 863 inter
633 799 798 864 Fabricios
827 803 859 864 et
886 800 1050 885 Scipiones

81 890 117 948 et
139 883 292 949 Camillos
313 884 387 947 talis
410 886 508 947 esset:
536 888 614 948 tunc
636 884 721 948 enim
749 884 839 948 illum
861 886 1050 949 imitationis

82 969 180 1032 ardor
194 989 380 1052 semperque
395 967 508 1031 melior
530 968 644 1050 aliquis
660 969 856 1033 accenderet.
881 974 1050 1053 postquam

83 1073 160 1116 uero
194 1053 335 1116 studium
369 1073 532 1116 armorum
565 1074 584 1115 a
611 1054 760 1117 manibus
788 1052 828 1117 ad
856 1054 974 1136 oculos,
1010 1053 1050 1117 ad
1065 1073 1089 1110 ro

81 1137 284 1218 uoluptatem
306 1159 325 1200 a
346 1136 455 1200 labore
475 1136 668 1200 translatum
692 1140 754 1221 est3
777 1141 945 1221 postquam
961 1159 1050 1202 exer-

83 1221 292 1284 citationibus
325 1221 445 1285 nostris
478 1242 544 1285 non
576 1223 800 1285 ueteranorum
835 1222 959 1304 aliquis,
1000 1223 1051 1286 cui

83 1306 180 1369 decus
206 1304 339 1370 muralis
374 1310 430 1369 aut
458 1306 570 1386 ciuica,
606 1305 660 1368 sed
690 1305 863 1375 Graeculus
896 1305 1051 1389 magister

84 1389 220 1454 assistit:
243 1411 341 1473 quam
361 1410 515 1473 magnum
537 1393 702 1453 estunam
725 1411 764 1451 ex
779 1389 925 1451 omnibus
946 1389 1051 1473 patrio

84 1495 184 1554 more,
212 1474 320 1557 patria
346 1474 466 1538 uirtute
492 1473 607 1537 laetari
640 1476 672 1536 et
705 1472 774 1536 sine
810 1473 944 1556 aemulo,
980 1474 1048 1537 sine
1061 1491 1089 1531 15

82 1558 229 1641 exemplo
252 1579 359 1622 secum
382 1564 513 1636 certare,
543 1579 650 1622 secum
673 1556 865 1622 contendere
893 1579 940 1640 ae,
969 1558 1052 1622 sicut

83 1643 241 1724 imperare
269 1642 382 1726 solum,
415 1643 460 1705 ita
492 1642 595 1706 solum
625 1663 693 1706 esse
721 1645 776 1725 qui
804 1641 919 1705 debeat
952 1642 1051 1725 impe·

82 1728 170 1790 rare!

137 1809 225 1874 XIV.
241 1809 317 1875 Non
329 1809 524 1873 incunabula
533 1809 613 1874 haec
624 1810 695 1893 tibi,
710 1810 836 1891 Caesar,
848 1815 880 1873 et
891 1809 1051 1874 rudimen-

82 1897 128 1976 ta,
151 1915 221 1958 cum
242 1915 323 1978 puer
337 1893 509 1957 admodum
524 1892 674 1958 Parthica
695 1894 784 1958 lauro
799 1894 934 1978 gloriam
948 1895 1091 1979 patrisso

84 2000 220 2062 augeres
253 1998 433 2061 nomenque
462 1977 647 2042 Germanici
679 1979 743 2042 iam
776 1982 845 2043 tum
884 2000 1050 2056 mererere,

86 2084 159 2126 cum
181 2062 335 2127 ferociam
357 2062 599 2146 superbiamque
622 2061 813 2126 Parthorum
841 2085 880 2126 ex
907 2064 1052 2146 proximo

83 2146 213 2211 auditus
250 2167 370 2231 magno
408 2149 531 2210 terrore
570 2146 734 2210 cohiberes
775 2146 985 2229 Rhenumque
1020 2151 1053 2209 et

83 2231 284 2315 Euphratem
305 2230 527 2294 admirationis
544 2233 618 2294 tuae
644 2232 795 2294 societate
818 2228 1051 2312 coniungeres?

83 2337 158 2379 cunr
180 2315 290 2379 orbem
311 2323 468 2379 terrarum
493 2336 558 2378 non
580 2314 713 2399 pedibus
735 2314 839 2397 magis
862 2334 957 2395 quam
985 2312 1050 2375 lau·
1064 2329 1090 2369 ss

85 2399 180 2463 dibus
202 2420 400 2483 peragraras,
424 2398 508 2482 apud
531 2420 584 2463 eos
606 2419 732 2481 semper
758 2398 860 2461 maior
881 2399 914 2459 et
937 2396 1053 2459 clarior

85 2483 201 2566 quibus
233 2487 346 2567 postea
381 2483 594 2568 contigissent
635 2486 668 2546 et
701 2482 836 2546 necdum
870 2481 1052 2566 imperator,
1112 2495 1117 2503 ‘

83 2568 222 2631 necdum
244 2567 295 2631 dei
322 2567 407 2632 filius
434 2590 514 2631 eras.
558 2568 765 2632 Germaniam
792 2566 1053 2665 Hispaniamque

83 2674 159 2716 curn
181 2652 336 2735 plurimae
357 2655 472 2736 gentes
502 2674 540 2716 ac
562 2673 661 2735 prope
688 2652 817 2715 infinita
844 2652 978 2714 uastitas
1005 2672 1053 2713 rn-

85 2735 271 2800 teriacentis
301 2737 359 2800 soli
386 2740 456 2800 tum
484 2735 678 2818 Pyrenaeus,
706 2736 806 2819 Alpes
840 2735 1051 2817 immensique
1064 2751 1090 2790 ³⁰

156 2928 172 2975 b
194 2924 329 2975 lustrarcs
350 2925 370 2973 B
389 2926 412 2973 V
440 2920 450 2987 ΙΙ
480 2924 582 2974 6haut
598 2926 707 2987 scripsi:
730 2923 783 2972 hac
800 2925 828 2970 Π
850 2937 902 2971 nec
920 2921 1020 2971 Keilius
1040 2922 1051 2987 {r

82 2996 175 3042 inon
193 2993 334 3041 uideretur
350 3005 375 3041 w
403 2989 413 3055 ΙΙ
443 2994 459 3041 8
481 2992 675 3041 immirationis
698 2993 715 3039 G
744 2989 754 3055 ll
784 2992 816 3040 12
840 2995 964 3040 ueterum
982 2989 1014 3037 W
1040 2996 1051 3051 j:

86 3063 119 3110 15
137 3075 172 3108 ac
190 3061 250 3110 sine
269 3066 310 3109 ex'„
328 3061 364 3120 Π,
383 3075 416 3109 ac
434 3072 516 3123 cmg
545 3055 555 3122 ΙΙ
586 3059 617 3109 17
635 3059 771 3122 imperare
791 3057 878 3107 solum
901 3058 942 3106 ita
965 3055 1054 3107 solum

84 3129 194 3192 scripsi:
217 3131 368 3191 imperaret
391 3126 466 3177 solus
490 3125 578 3175 solum
600 3127 639 3176 ita
661 3128 689 3173 Π
710 3126 864 3189 imperata
892 3121 902 3189 ΙΙ
933 3125 965 3174 19
988 3121 1055 3188 non]

85 3211 151 3245 nam
170 3195 339 3245 Mommsenus
367 3191 377 3258 ΙΙ
407 3196 438 3242 21
457 3208 592 3243 mererere
611 3207 648 3241 w:
668 3207 771 3244 merere
789 3195 817 3240 Π
846 3189 856 3257 ΙΙ
885 3194 919 3242 22
937 3192 1055 3242 Partho·

86 3265 157 3321 rum]
184 3262 362 3312 barbarorum
386 3259 546 3311 Scbwnrzius
575 3258 585 3325 ΙΙ
615 3263 648 3311 28
675 3260 852 3311 Germaniam
878 3258 1055 3324 Hispaniam·

85 3344 141 3394 que
169 3329 284 3380 Keilias:
314 3329 546 3391 Germaniamque
572 3331 600 3376 1
628 3328 795 3393 Hispaniam
823 3327 1054 3388 Germaniamque

84 3398 213 3448 Boacias.
231 3401 307 3461 plura
328 3397 490 3447 intercidisse
507 3404 593 3447 censet
611 3396 777 3451 Dieruuerus.
796 3394 881 3445 Beitr.
905 3411 927 3443 z.
947 3409 970 3443 e.
992 3392 1054 3442 tric.

87 3465 178 3516 (ieret.
202 3464 312 3515 natans
328 3482 355 3529 p.
374 3466 434 3516 193.
