2294 3780
67 152 136 205 VIII
440 148 664 203 PRAEFATIO.

69 306 128 365 uiri
151 304 234 365 docti
256 303 432 383 epistolium
453 303 609 382 quoddam
632 303 672 364 ad
691 301 873 365 Iacobinum
891 305 1039 364 Thomasi

69 389 280 450 Thebaldncci
302 407 385 448 anno
409 387 491 447 1433
515 388 619 448 datum
640 386 679 447 ab
701 388 843 466 Augusto
862 387 1036 449 Wilmanns

69 475 102 534 in
139 475 273 535 archivio
301 473 484 533 Florentino
516 469 675 552 [Archivio
702 471 844 533 Mediceo
872 471 980 532 auanti
1005 471 1036 530 al

70 559 244 638 principato
266 557 338 617 filza
359 558 399 616 96
422 577 448 616 a
470 553 543 635 439]
567 558 728 617 inuentum
746 556 901 617 Henrious
915 556 1037 617 Keilius

69 645 103 702 in
125 649 351 722 programmate
368 640 535 701 lectionum
556 642 744 701 aestiuorum
764 662 793 701 a.
810 643 891 703 1871
914 642 949 701 in
969 641 1036 699 uni·

69 728 218 787 uersitate
239 725 383 786 Hallensi
404 724 618 785 habendarum
640 725 749 786 edidit.
790 746 830 786 cn
852 726 948 786 habes
971 725 1038 784 eins

69 812 251 890 particulam
273 811 314 871 ad
336 810 550 888 quaestionem
571 818 708 870 nostram
729 812 950 889 pertinentem:

155 896 197 955 ‘A
210 895 346 967 Nicolai‚
369 894 403 953 lu
426 893 519 973 quale
538 894 669 954 honorai
691 903 723 953 ct
736 893 816 954 hebe
837 913 957 972 semprc
980 910 1038 972 per

154 981 215 1039 mio
238 987 341 1058 patre,
363 997 403 1038 ve
424 997 521 1056 prego
543 997 592 1038 me
614 978 834 1039 accomaudate
855 980 970 1058 prima,
998 978 1039 1037 da

155 1066 207 1142 poi
228 1065 260 1124 la
282 1063 396 1123 dirrete
423 1063 481 1122 che
500 1062 534 1122 lu
555 1063 616 1121 mio
642 1063 761 1123 andare
783 1081 872 1124 verso
896 1061 1039 1140 Oologna

154 1168 219 1207 non
242 1146 361 1208 batuto
383 1165 476 1208 sensa
496 1146 602 1220 frutto,
625 1148 700 1226 pcrb
723 1147 781 1207 che
803 1148 832 1206 io
853 1147 894 1206 ho
917 1154 1038 1205 trovato

154 1235 188 1291 in
210 1251 274 1291 una
295 1231 484 1292 bibliotheca
510 1253 529 1292 a
550 1231 706 1311 Magunaa
732 1251 775 1291 un
798 1231 919 1303 codice,
947 1228 1038 1288 inlu

155 1315 248 1395 quale
275 1317 301 1376 si
330 1315 348 1376 ὸ
374 1333 418 1375 nn
442 1317 632 1396 panegyrico
656 1315 695 1377 de
716 1316 820 1376 Plinio
847 1335 867 1373 a
888 1314 1036 1387 Traiano,

157 1399 198 1460 da
216 1401 261 1460 lui
282 1399 373 1479 quale
394 1419 459 1460 non
479 1399 560 1461 lesse
581 1402 642 1460 mai
656 1399 711 1479 piis
732 1419 827 1461 suave
848 1418 929 1472 cosa,
952 1406 984 1459 et
1004 1399 1038 1457 in

155 1484 265 1545 codem
292 1483 398 1544 codice
425 1492 499 1544 sunt
526 1486 709 1564 panegyrici
741 1485 871 1545 aliorum
896 1488 1039 1543 'autorum

155 1567 195 1627 ad
218 1567 357 1627 diversos
381 1566 550 1627 Caesares?

133 1652 183 1711 De
205 1652 335 1712 Ioannis
352 1650 506 1730 Antiopae
529 1653 562 1709 in
579 1650 778 1712 Germaniam
799 1652 913 1711 itincre
936 1651 1038 1728 deque

69 1736 274 1796 bibliothecae
297 1735 445 1795 ecclesiae
467 1736 724 1814 metropolitanae
742 1735 945 1813 Maguntinae
966 1734 1039 1793 fatis

72 1821 238 1898 diligenter
265 1821 329 1899 egit
352 1819 475 1878 Keilius
501 1817 601 1878 libelli
627 1820 746 1880 laudati
774 1839 827 1898 pp.
854 1817 1038 1879 Iv-vm.

70 1905 124 1984 qui
150 1905 234 1983 quod
262 1924 301 1963 ex
321 1903 475 1983 Antiopae
502 1902 606 1964 uerbis
633 1903 676 1963 ib.
704 1925 736 1984 p.
758 1903 841 1964 VIII
869 1903 1038 1962 rectissIme

70 1989 220 2049 conclusit
247 1989 319 2048 ilico
349 1987 513 2047 subiciam:
557 1988 601 2047 ‘et
627 1988 696 2066 ipse
722 1987 860 2067 Aurispa
891 1987 930 2046 iis
958 2005 1039 2065 quae

71 2072 178 2135 scribit
208 2091 243 2132 se
270 2090 334 2130 non
361 2073 487 2131 nouisse
519 2090 572 2131 eas
603 2073 759 2132 orationes
786 2072 905 2132 iudicat
936 2090 1039 2148 nsque

70 2165 144 2217 ante
173 2175 242 2216 enm
267 2157 333 2216 ulla
361 2174 466 2214 eorum
492 2156 607 2216 mentio
635 2156 720 2237 apud
746 2156 842 2216 Italos
869 2156 953 2216 facta
981 2163 1038 2217 est.

70 2239 126 2301 sed
141 2249 213 2319 post
234 2260 302 2301 eam
323 2248 457 2301 aetatem
477 2240 566 2300 multi
581 2239 702 2301 codices
724 2240 846 2300 illarum
866 2239 1039 2300 orationum

70 2326 103 2385 in
132 2324 226 2386 Italia
253 2326 360 2404 scripti
387 2333 460 2384 sunt
486 2325 571 2404 iique
601 2327 770 2404 scripturae
796 2344 912 2404 genere
941 2330 977 2382 nt
1003 2323 1038 2382 in

69 2409 166 2468 Plinii
194 2410 334 2469 oratione
355 2410 400 2469 ita
425 2410 460 2469 in
481 2408 609 2488 reliquis
632 2410 711 2470 adeo
738 2408 820 2469 inter
847 2428 881 2469 se
908 2427 1038 2468 consen·

71 2494 184 2553 tientes
212 2501 247 2552 ut
276 2491 410 2551 dubitari
443 2500 579 2571 nequeat
605 2494 680 2573 quin
710 2513 749 2552 ex
775 2512 839 2552 uuo
867 2492 1038 2571 archetypo

71 2585 135 2637 tum
157 2576 288 2656 primum
308 2576 439 2636 iuuento
462 2594 568 2636 omnes
591 2577 674 2637 ducti
695 2577 783 2638 sint?

134 2661 184 2721 Ex
211 2660 269 2720 hoc
298 2661 391 2739 igitur
419 2661 587 2739 archetypo
613 2662 800 2741 Magnntino
830 2657 897 2737 (II)
926 2658 1037 2738 quibua

71 2743 216 2823 gradibus
239 2745 360 2805 codices
382 2746 481 2805 nostri
508 2744 624 2805 nouicii
648 2745 867 2806 descenderint
888 2745 949 2804 iam
971 2762 1039 2803 cum

71 2849 144 2890 cura
167 2828 400 2907 disquirendum
422 2838 477 2892 est.
506 2829 586 2889 nihil
609 2831 691 2890 enim
712 2829 751 2890 ab
767 2830 850 2890 omui
871 2838 959 2908 parte
981 2827 1038 2887 fal·

70 2913 134 2972 sius
162 2912 229 2972 nidi
256 2932 348 2992 quam
374 2912 458 2992 qnod
483 2913 606 2974 Keilius
636 2910 752 2994 [praef.
776 2914 860 2973 Plin.
889 2934 920 2992 p.
942 2907 1037 2990 XLI]

71 2998 189 3075 posuit,
211 2998 244 3055 in
267 3006 366 3057 certas
388 2997 501 3059 classes
522 2997 618 3058 libros
639 2999 748 3077 quinto
772 2997 889 3058 decimo
913 2994 1038 3056 saeculo

71 3099 110 3140 ex
136 3100 199 3141 uno
228 3081 398 3162 archetypo
426 3082 596 3160 descriptos
619 3080 804 3143 distribuere
832 3081 915 3142 uelle
942 3081 1039 3141 inane

71 3165 251 3244 plerumque
274 3173 304 3226 et
325 3186 433 3245 parum
455 3167 645 3227 fructuosum
666 3168 825 3245 negotium
847 3185 924 3228 esse.

137 3247 338 3310 Communem
352 3249 509 3330 quandam
531 3253 681 3331 originem
696 3252 777 3313 clare
796 3260 828 3311 et
842 3258 949 3330 aperte
963 3267 1038 3328 prae

71 3352 105 3393 se
126 3334 231 3394 ferunt
249 3333 322 3394 libri
335 3335 532 3396 Monacensis
548 3338 609 3396 309
627 3331 695 3415 (nr),
711 3335 966 3397 vindobonensis
982 3331 1036 3408 (n),

71 3417 257 3498 Reginensis
281 3413 340 3498 (r):
378 3428 441 3481 tam
466 3422 647 3499 conspirans
668 3421 763 3500 idque
789 3419 947 3500 singulare
972 3436 1038 3476 cor-
