2294 3780
542 383 587 455 X.

373 532 753 630 NAZARII

121 696 433 763 PANEGYRIGUS
462 696 771 763 CONSTANTINO
800 696 1004 763 AUGUSTO

451 835 477 885 D
494 836 509 885 Ι
527 834 548 885 C
567 835 590 884 Τ
608 835 635 884 U
653 834 680 884 S.

142 982 169 1047 Ι.
196 980 350 1046 Dicturus
366 980 571 1047 Constantini
593 982 842 1079 augustissimas
850 982 969 1064 laudes,
993 983 1074 1065 quia

77 1068 209 1131 tantum
235 1066 321 1129 ultra
348 1067 490 1130 omnium
518 1066 714 1130 saeculorum
738 1067 901 1149 principes
929 1068 1048 1131 eminet

100 1154 235 1215 uantum
257 1173 276 1213 a
298 1150 434 1233 priuatis
462 1151 558 1215 ceteri
580 1152 685 1234 princi
709 1172 742 1213 es
769 1159 985 1229 recesserunt,
1016 1155 1050 1213 et

78 1172 256 1299 ilatum
245 1235 280 1298 in
303 1237 395 1298 coetu
416 1234 604 1318 gaudiorum
627 1255 664 1297 ex
699 1235 836 1297 tantium
859 1199 1048 1297 etlaetitiae

103 1318 266 1400 catienus,
295 1339 391 1400 quam
414 1318 655 1414 cumulatiorem
677 1318 772 1382 solito
793 1317 1049 1381 beatissimorum

77 1340 256 1468 {caesarum
273 1402 492 1484 quinquennia
505 1403 610 1485 prima
623 1403 778 1485 fecerunt,
801 1403 904 1466 sentio
925 1402 1049 1466 nullam
1061 1426 1087 1465 ιο

79 1485 298 1569 eloquentiam
311 1507 372 1550 neo
387 1486 493 1568 optari
507 1507 567 1551 nec
583 1487 708 1570 concipi
719 1507 812 1569 posse
828 1508 907 1569 quae
918 1487 1049 1571 dignam

77 1571 195 1634 afferat
226 1573 281 1633 aut
307 1569 444 1652 tempori
477 1571 616 1654 gratiam
649 1574 705 1634 aut
740 1571 891 1634 materiae
924 1572 1049 1654 copiam

78 1657 135 1718 aut
156 1654 272 1717 uestris
294 1654 409 1718 studiis
424 1653 620 1718 facultatem.
647 1657 748 1719 iactat
765 1656 819 1739 qui
842 1677 883 1739 pe
905 1677 939 1720 se
961 1677 1049 1719 nunc

79 1758 154 1803 cum
176 1738 315 1801 maxime
336 1738 452 1802 alacris
475 1739 617 1802 omnium
640 1761 677 1803 ac
699 1740 792 1804 beata
814 1678 953 1804 deuotio
988 1762 1049 1805 nec

78 1824 193 1920 operta
217 1822 374 1886 mentium
401 1822 510 1886 rimari
535 1844 665 1887 necesse
688 1828 752 1888 est.
789 1826 908 1888 extat
899 1848 934 1889 ιιι
956 1826 1049 1888 uultu
1062 1844 1086 1885 ιι

78 1905 248 2002 cuiusque·
245 1904 420 1971 hilaritatis
462 1906 587 1971 ublioae
602 1907 753 1971 decust
721 1911 753 1971 et
775 1909 810 1971 in
826 1910 946 1972 serenis
961 1908 1048 1970 fron-

77 1990 172 2054 tibus·
196 1989 375 2054 animorum
400 1929 521 2054 indicia
543 1992 761 2087 perleguntur.
805 2012 873 2054 non
902 1991 988 2053 enim
1014 2012 1048 2053 se

79 2074 168 2156 capit
189 2073 381 2138 exundantis
403 2074 543 2138 laetitiae
565 2095 676 2159 magm
668 2075 769 2155 t‚udo
795 2073 850 2137 sed
873 2074 1048 2156 dedignata

75 2160 246 2242 pectorum
266 2156 407 2222 latebras
429 2159 476 2222 ita
496 2158 597 2222 multa
619 2163 652 2221 et
674 2123 809 2220 candida
831 2157 909 2220 foris
930 2158 1047 2252 promi·

76 2244 137 2306 net
161 2243 198 2303 ιιι
218 2241 329 2306 intelle
372 2246 425 2306 tur
450 2264 518 2306 non
540 2242 701 2326 ingentior
723 2262 792 2304 esse
814 2263 909 2337 quam
932 2240 1046 2303 uerior.
1060 2260 1086 2301 ao

76 2346 141 2390 nec
166 2345 243 2388 uero
271 2263 484 2391 melioribus
511 2327 604 2391 bonis
632 2325 775 2410 gaudent
802 2325 856 2407 qui
883 2324 1047 2389 exultandi

76 2408 210 2473 modum
231 2430 299 2474 non
320 2409 452 2476 habent.

143 2493 187 2557 Π.
231 2492 380 2559 Fmimur
411 2516 470 2558 nos
500 2496 680 2579 quidemp
681 2494 877 2558 raesentium
910 2494 1049 2558 maxima

77 2577 263 2660 uoluptate,
292 2578 347 2642 sed
370 2579 569 2643 lenocinatur
596 2518 683 2643 hisp'
674 2602 738 2643 1am
764 2579 866 2643 futuri
888 2580 985 2657 ratio,
1015 2582 1048 2642 et

77 2682 162 2745 quae
197 2663 393 2745 temporibus
429 2663 593 2746 disparata
628 2668 705 2728 sunt
740 2665 919 2727 animorum
954 2683 1046 2758 prae·
1060 2681 1087 2721 aa

78 2746 302 2843 sumptione
292 2750 433 2831 magunt
433 2769 479 2810 ur.
525 2748 618 2845 quint
618 2770 672 2811 um
700 2748 858 2811 decimum
889 2747 1046 2808 maximus

76 2828 231 2928 princeps
258 2830 442 2895 salutaris
432 2833 559 2914 1mper1i
586 2853 707 2895 annum
735 2831 839 2915 degit,
869 2831 925 2894 sed
948 2851 1047 2913 augu-

76 2934 190 2978 ramur
213 2915 278 2978 iam
300 2915 483 2978 uiceunalia
510 2919 544 2978 et
564 2916 707 2979 uenturis
728 2915 824 2979 fidem
850 2914 1047 2998 superiorum

148 3120 182 3169 14
199 3118 301 3169 alacris
320 3120 438 3168 omnium
456 3119 574 3169 studium
592 3135 624 3169 ae
641 3120 727 3170 beata
744 3121 777 3168 W
792 3118 802 3185 ΙΙ
825 3123 856 3170 15
875 3125 1048 3185 opertamen·

78 3192 137 3237 tum
155 3188 179 3236 A
194 3183 205 3252 ss
223 3188 255 3236 1⁷
272 3185 377 3235 iudicia
392 3188 416 3234 A
432 3184 442 3250 ΙΙ
460 3188 492 3237 18
510 3187 708 3237 exundantisA
724 3185 783 3251 {123
802 3188 910 3253 quidem
926 3203 977 3237 nos
995 3189 1013 3234 c
1032 3184 1045 3252 Η

77 3256 113 3305 24
129 3254 258 3304 uolutate
275 3253 298 3301 A
315 3251 325 3318 ss
341 3255 374 3302 25
393 3253 537 3318 disperata
554 3255 577 3303 A
595 3257 612 3303 G
630 3255 705 3305 Bere.
726 3253 736 3317 [l
753 3256 786 3302 2⁷
805 3271 906 3304 annum
920 3261 981 3318 post
999 3254 1048 3303 im·

76 3322 152 3387 perii
168 3320 245 3371 Bert.
261 3321 294 3382 A,
332 3328 372 3371 ort
389 3322 516 3383 quintum
534 3321 670 3371 decimum
687 3322 815 3369 BGVW
830 3328 927 3385 ponunt
943 3319 947 3385 Ι
962 3335 1047 3384 augu-

76 3389 184 3443 riemur
200 3388 287 3440 Aer
287 3336 373 3455 1(ιὸ
391 3387 523 3439 uicinalia
539 3392 562 3438 A
579 3391 597 3437 (ι
614 3390 637 3437 V
651 3390 656 3451 Ι
671 3389 794 3438 uenturis
813 3404 874 3451 epo:
892 3387 1002 3436 uenturi
1020 3389 1047 3435 A
