2294 3780
237 129 310 182 PRO
327 130 606 183 RESTAURANDIS
623 131 759 184 SCOLIS.
778 134 886 185 14—16.
979 133 1039 198 127

68 277 164 343 liant.
201 277 280 362 quin
302 280 398 344 etiam
420 280 564 345 laudibus
586 280 735 363 incitant,
758 281 951 365 grauitatem
972 305 1038 346 mo-

70 384 158 446 rum,
185 362 311 428 dicendi
334 363 521 430 facultatem
543 365 605 429 sibi
626 365 795 449 probatam
820 368 853 429 et
875 366 1038 450 cognitam

70 446 311 531 praedicantes,
339 448 474 532 palatini
495 448 626 513 honoris
648 450 853 534 priuilegium
881 451 1038 515 oratoriae

93 528 264 596 rofessioni
279 532 404 597 saluum
424 537 458 597 et
470 534 631 597 incolume
651 537 825 598 seruantes.
849 534 962 617 quibus
978 555 1038 618 ego

96 615 201 680 'uiuae
228 616 440 700 benignitatis
467 617 642 698 illecebris,
672 618 798 681 etiamsi
826 619 913 682 omni
943 638 1064 682 sensus

71 702 147 764 ante
170 700 361 780 caruissem,
385 700 426 764 ad
448 701 593 784 quamuis
615 702 759 799 profecto
781 702 1038 786 intellegentiam

70 804 219 848 monerer
255 788 288 848 et
321 784 509 868 adducerer,
547 786 703 869 siqurdem
733 788 843 850 tantos
876 787 1037 870 principes

70 888 171 932 unum
198 867 362 932 hominem
390 872 482 932 tanta
510 869 602 934 laude
624 870 774 934 decorare
802 892 868 933 non
897 874 946 934 est
970 892 1037 935 ora-

69 955 173 1017 torem
196 951 383 1035 admonere,
408 953 461 1017 sed
484 952 601 1017 facere.

134 1034 225 1100 XVI.
267 1035 351 1112 Quid
371 1037 471 1122 igitur
492 1036 572 1101 mihi
594 1059 666 1102 cum
687 1040 854 1101 numerata
875 1038 1037 1120 pecunia?
1051 1059 1077 1097 ro

68 1120 170 1184 immo
197 1120 273 1203 quid
302 1142 374 1185 curn
401 1121 475 1185 ullis
503 1121 616 1204 opibus
648 1125 704 1184 aut
730 1120 836 1186 Midae
864 1123 949 1185 reis
983 1127 1039 1186 aut

70 1202 182 1271 croesi
210 1207 266 1268 aut
291 1205 302 1267 i
327 1205 392 1269 sius
419 1205 474 1289 qui
502 1227 577 1269 auro
608 1205 724 1270 dicitur
750 1205 878 1268 fluxisse
899 1144 1036 1286 i‘aotoli,

70 1309 144 1353 curn
172 1287 282 1352 diuina
303 1227 387 1354 liaeo
412 1289 596 1354 testimonia
623 1288 772 1352 omnibus
795 1288 915 1352 diuitiis
943 1291 976 1351 ut
999 1310 1037 1352 ue

67 1372 150 1520 pppis
172 1370 302 1437 deorum
323 1373 502 1456 praeconiis
525 1371 743 1456 anteponam?
785 1372 849 1443 nisi
870 1372 953 1435 forte
975 1310 1024 1455 ip

110 1456 199 1521 'ados
227 1456 313 1520 illius
341 1457 549 1522 excellentem
571 1456 713 1522 Socratis
741 1456 933 1538 sapientiam
954 1456 1076 1519 uati-1⁵

69 1541 196 1605 cinctae
218 1544 274 1604 aut
287 1542 545 1627 magnificentius
568 1562 697 1606 carmen
711 1540 837 1605 uidetur
859 1543 916 1604 aut
930 1540 1036 1604 uerius

69 1645 167 1709 quam
195 1626 278 1709 quod
308 1625 390 1691 Iouii
417 1625 622 1709 Herculiique
649 1625 874 1708 pronuntiant,
904 1646 1036 1708 quorum

67 1730 112 1773 ne
133 1711 233 1773 nutus
255 1710 382 1793 quidem
401 1714 546 1793 possunt,
567 1730 635 1774 non
656 1709 750 1773 modo
766 1709 862 1792 dicta,
884 1708 1036 1773 reuocari.

68 1793 288 1878 quamobrem,
316 1798 353 1859 ut
375 1794 451 1877 dixi,
475 1795 524 1858 uir
545 1794 787 1878 perfectissime,
810 1815 948 1858 sexcena
969 1793 1035 1877 illa,

68 1880 227 1962 quantum
260 1878 299 1942 ad
328 1880 485 1943 honorem
517 1881 656 1963 spectat,
691 1878 793 1961 accipi
827 1881 968 1961 oportet,
1001 1896 1075 1941 reao

68 1964 178 2027 antem
206 1964 303 2046 atque
330 1984 389 2027 usu
415 1963 527 2048 delego
549 1964 670 2047 patriae
696 1966 728 2026 et
749 1962 811 2046 ipsi
833 1963 1036 2045 potissimum

69 2046 169 2144 operi,
190 2047 449 2195 ίιιᾚῳιράεῒυάἰᾟ
459 2050 571 2144 nostra
593 2046 783 2194 cpltpprpnda
804 2047 901 2192 spint.1⁶
926 2045 1036 2189 uidlpor

13 2174 21 2180 -
69 2151 159 2195 emm
190 2152 311 2195 m111
385 2152 425 2195 uo
481 2153 579 2196 saone
620 2154 631 2193 r
679 2151 723 2193 ns
757 2151 817 2193 oon
845 2150 940 2192 neur
997 2148 1036 2191 oo

66 2212 272 2279 manifestius
299 2153 396 2299 atqrie
417 2214 573 2280 illustrius
601 2217 799 2294 retenturus,
825 2214 854 2275 st'
876 2211 922 2274 ita
946 2211 1035 2274 saluo

67 2299 204 2363 honoris
230 2300 295 2363 mei
315 2298 486 2397 priuilegio
514 2298 643 2363 doceam
670 2299 714 2392 ut·
733 2317 784 2360 me
806 2295 942 2377 dignum
964 2293 1035 2357 tali·
1048 2308 1074 2350 25

69 2383 131 2447 bns
165 2387 364 2447 aeternorum
392 2383 575 2467 principum
607 2380 733 2446 indicus
765 2379 897 2463 probem
930 2397 1036 2441 umore

66 2467 115 2531 rei
153 2466 310 2550 publicae.
361 2468 507 2551 equidem
542 2466 628 2550 ipsos
690 2465 791 2528 atriae
828 2463 902 2527 deos
935 2465 1036 2526 testor

65 2553 162 2615 tento
184 2571 235 2614 me
258 2551 398 2615 ciuitatis
420 2552 513 2616 istius
535 2571 642 2615 amore
658 2488 793 2633 digram
815 2549 862 2630 ut,
885 2568 1035 2630 quocum-

137 2774 153 2821 6
171 2772 363 2836 intelligenoia
380 2772 403 2820 A
421 2770 462 2836 [17
481 2787 606 2822 monerer
625 2776 654 2821 et
665 2772 711 2822 W:
729 2784 854 2819 monerer
872 2770 895 2816 A
912 2783 1037 2818 oneraret

68 2841 91 2888 V
108 2854 209 2891 onerer
226 2840 320 2904 (onere
336 2854 355 2889 u
373 2854 482 2890 onerem
500 2840 536 2899 m)
555 2840 575 2886 B
594 2840 611 2886 c
636 2837 646 2903 ΙΙ
671 2840 701 2887 12
721 2838 793 2900 crysi
811 2836 871 2884 AB
892 2835 896 2898 Ι
922 2831 1033 2898 dicitur]

69 2907 210 2958 cutitnrA
227 2907 383 2957 credituris
400 2904 410 2970 ss
430 2909 460 2956 14
477 2906 589 2956 deorum
603 2906 741 2956 Gruterus:
759 2918 851 2952 eorum
862 2905 889 2950 Η
904 2900 908 2965 l
924 2916 1036 2966 praeco·

67 2975 124 3025 niis
141 2976 250 3039 scripsi:
268 2975 396 3039 praemiis
413 2974 440 3021 A!
464 2970 474 3037 l
505 2976 536 3022 15
554 2972 707 3022 uaticinate
726 2973 749 3019 A
765 2972 799 3020 B:
818 2970 995 3019 uaticinitcte
1012 2969 1036 3016 V

68 3040 244 3092 uaticinante
264 3045 281 3091 c
299 3041 482 3091 uaticinantis
499 3053 523 3087 w
536 3038 546 3105 ll
560 3042 591 3089 1⁷
612 3039 670 3088 ioui
687 3038 843 3102 herculique
861 3038 888 3083 Η
900 3034 910 3100 ΙΙ
925 3039 955 3086 19
974 3051 1036 3086 ser·

68 3114 152 3159 centa
165 3110 192 3158 n
204 3106 215 3173 ΙΙ
227 3111 261 3160 20
276 3112 386 3173 oportet
398 3122 427 3158 re
440 3113 533 3157 autern
546 3111 628 3171 atque
643 3106 781 3156 Gruterus:
800 3109 927 3169 oportere
946 3108 975 3153 at
987 3106 1037 3152 aut

67 3175 144 3226 Bert.
163 3182 289 3241 oportere
303 3181 398 3226 antem
415 3176 518 3236 (autern
529 3190 577 3226 om,
588 3173 620 3237 Β)
640 3178 690 3222 aut
702 3173 759 3236 (om.
771 3171 804 3236 V)
817 3186 869 3236 que
882 3173 909 3218 Η
929 3174 1036 3235 oportet

69 3259 105 3294 ea
121 3250 213 3293 antem
234 3241 459 3307 (maritimive,
485 3247 611 3306 oportere
631 3245 742 3291 autumo
767 3243 850 3304 atque
867 3254 946 3288 nsum
965 3238 1036 3286 Liui-

67 3312 141 3361 neiue
157 3308 168 3375 ll
185 3312 218 3361 23
237 3311 395 3361 continetur
412 3310 453 3360 ita
472 3308 512 3372 (ut
524 3307 665 3371 Liuineius)
684 3306 762 3357 saluo
781 3305 892 3356 honoris
910 3306 964 3355 mei
982 3304 1035 3368 pri-

68 3377 175 3441 uilegio
192 3376 305 3428 doceam
322 3378 374 3428 hoe
391 3377 567 3429 manifestius
585 3380 667 3440 atque
680 3374 818 3424 illustrius
834 3377 997 3422 retenturus
1009 3374 1049 3414 xm

70 3443 106 3509 (si
123 3443 269 3508 Liuineius)
287 3459 328 3494 me
345 3444 455 3509 dignum
473 3444 513 3510 1,
534 3446 685 3512 transposui
704 3449 729 3494 tt
749 3442 777 3493 si
792 3442 898 3492 inserui
