2294 3780
95 153 156 217 118
381 154 427 204 iv.
453 152 614 204 narratur
632 149 767 205 carrio

92 305 185 366 tanta
212 323 263 366 me
292 304 347 365 aut
374 300 581 385 neglegentia
608 302 665 363 aut
689 299 884 364 confidentia
905 302 996 371 tenet
1022 303 1061 365 ut

91 388 234 452 nesciam
255 388 375 469 quanta
397 385 440 448 sit
467 385 551 448 inter
572 383 655 448 hane
683 385 783 448 aciem
805 383 867 447 fori
895 386 927 448 et
947 386 1060 448 nostra

91 471 148 535 illa
175 477 297 535 secreta
324 467 499 533 studiorum
532 468 683 532 exercitia
712 468 892 532 diuersitas.
935 468 982 532 ibi
1010 489 1059 533 ar-

91 559 222 620 mantur
249 553 394 637 ingenia,
424 551 477 617 hic
498 553 706 635 proeliantur.
750 552 796 615 ibi
821 552 977 635 prolusio,
1004 551 1060 616 hic

67 659 204 722 opugna
226 637 444 702 committitur.
482 637 535 701 hic
557 636 742 720 plerumque
764 636 852 699 uelut
872 635 1003 700 sudibus
1026 641 1060 700 et

92 723 186 806 saxis,
208 721 275 786 illic
297 743 421 804 semper
442 721 516 785 telis
539 720 782 804 splendentibus
798 719 975 784 dimicatur.
1004 719 1058 784 hio

91 807 205 869 sudore
228 809 261 869 et
282 807 374 888 quasi
397 807 539 889 ‘puluere
561 804 731 887 sordidus',
761 804 828 867 illic
850 804 986 951 insiqnis
1009 826 1058 869 or·

90 893 170 953 natu
190 888 339 953 laudatur
358 893 475 972 orator,
497 894 544 973 ut,
567 891 594 952 si
608 892 741 972 uterque
762 888 914 971 experiun
936 889 1058 953 icausa

91 973 198 1037 officia
221 976 432 1055 commutent,
462 974 560 1037 alium
581 973 712 1057 quidam
732 973 882 1036 tubarum
905 994 1002 1037 sonus
1026 977 1059 1038 et

52 1077 77 1115 10
90 1058 242 1204 {trepitus
264 1079 434 1141 armorum,
457 1058 554 1121 alium
576 1058 730 1141 quaedam
751 1057 906 1140 triumphi
927 1056 1058 1121 schema

112 1145 259 1205 eterreat.

153 1225 212 1290 III.
248 1224 433 1309 Sciebam,
458 1226 599 1309 inquam,
623 1226 673 1289 uir
688 1224 929 1309 perfectissime,
951 1245 1056 1309 neque

89 1330 140 1373 me
166 1310 270 1374 sciens
292 1309 387 1393 fallo;
421 1310 593 1374 etidcirco
616 1312 744 1373 tantum
767 1310 857 1372 abest
877 1313 914 1372 ut
935 1330 986 1373 me
1007 1331 1056 1373 re·

89 1393 174 1458 lictis
198 1393 332 1458 docendi
354 1394 633 1478 praecipiendique
660 1394 837 1457 rationibus
860 1394 1057 1459 orationibus

51 1494 76 1535 15
90 1481 200 1561 aptum
223 1481 316 1560 atque
339 1478 486 1542 idoneum
508 1482 628 1562 putem,
653 1480 688 1542 ut
709 1478 745 1542 ob
766 1477 827 1542 hoc
846 1478 950 1560 ipsum
973 1478 1057 1561 quod

88 1562 140 1624 uel
163 1581 226 1624 uno
251 1562 301 1624 die
323 1564 418 1644 atque
445 1584 510 1624 una
532 1563 570 1624 de
593 1583 627 1626 re
655 1563 690 1624 in
711 1561 781 1624 foro
803 1561 907 1625 dicam
927 1563 1057 1627 ueniam

88 1645 192 1728 magis
214 1645 335 1727 possim
358 1666 485 1727 sperare
507 1667 602 1728 quam
624 1645 769 1730 gloriam.
806 1668 999 1730 quamquam
1020 1647 1056 1711 in

88 1728 148 1791 hae
171 1729 324 1811 oratione,
346 1729 397 1791 uir
413 1729 653 1812 perfectissime,
676 1730 739 1794 loci
761 1730 984 1794 tantummodo
1006 1730 1056 1794 in·

90 1810 239 1893 solentia,
270 1832 336 1874 non
364 1812 491 1876 dicendi
517 1813 661 1877 nouitate
687 1813 870 1898 perturber,
899 1814 1056 1898 siquidem

50 1894 122 1957 aoid
143 1897 271 1977 postulo
301 1895 384 1978 quod
406 1917 472 1959 non
493 1895 588 1960 modo
615 1897 861 1962 contradicendo
884 1920 978 1962 nemo
1001 1921 1056 1963 au-

90 1978 164 2042 deat
184 1979 348 2063 impedire,
372 1979 427 2043 sed
448 2001 558 2050 omnes
572 1981 678 2064 potius
701 1981 815 2066 quibus
838 1982 946 2047 diuina
966 1984 1055 2066 prin·

90 2062 195 2145 cipum
217 2062 403 2147 liberalitas,
434 2064 548 2148 quibus
570 2065 659 2128 urbis
680 2065 771 2131 istius
794 2067 961 2149 restitutio,
986 2068 1055 2151 qui-

89 2146 148 2210 bus
164 2148 357 2230 optimarum
379 2149 495 2212 artium
511 2150 681 2213 celebratio
696 2153 790 2234 grata
806 2153 899 2233 atque
917 2151 1055 2216 iocunda

89 2233 138 2294 est
159 2253 282 2296 summo
297 2233 413 2318 gaudio
434 2238 466 2298 et
480 2233 588 2299 fauore
604 2234 790 2317 suscipiant,
814 2237 850 2298 ut
864 2234 1053 2300 Maenianae

50 2330 76 2370 2⁵
89 2315 162 2378 illae
179 2317 282 2381 scolae
299 2318 459 2401 quondam
474 2319 687 2402 pulcherrimo
710 2339 805 2401 opere
828 2323 860 2381 et
874 2318 1053 2396 studiorum

88 2399 270 2482 frequentia
293 2403 433 2466 celebres
456 2408 488 2466 et
508 2403 649 2467 illustres
670 2403 759 2466 iuxta
776 2405 880 2466 cetera
903 2424 983 2486 quae
1006 2405 1053 2468 in-

89 2487 273 2547 staurantur
295 2506 392 2566 opera
415 2507 453 2549 ac
470 2486 591 2568 templa
608 2489 805 2569 reparentur.
834 2487 880 2549 ita
896 2490 1053 2568 quantum

88 2565 167 2627 mihi
190 2568 411 2650 trepidationis
434 2569 525 2631 affert
545 2570 643 2652 loeus,
665 2572 793 2632 tantum
815 2571 937 2634 releuat
959 2594 1054 2636 causa

89 2649 224 2712 dicendi.
266 2672 362 2733 quam
384 2651 512 2733 quidem
535 2672 610 2734 ego,
634 2654 683 2715 uir
704 2652 951 2739 perfectissime,
975 2656 1054 2720 duas

50 2732 123 2795 nin
151 2736 259 2816 partes
292 2734 430 2798 arbitror
463 2734 681 2818 diuidendum,
719 2741 756 2800 ut
771 2737 871 2884 (prius
900 2738 1053 2805 disseram

87 2838 185 2901 quam
207 2818 249 2881 sit
276 2841 314 2883 ex
336 2840 395 2882 usu
423 2822 456 2882 et
478 2818 584 2882 officio
611 2840 690 2902 opus
711 2821 770 2885 illu
819 2823 859 2885 ad
881 2823 1052 2905 pristinam

87 2971 264 2981 -——..-
268 2975 290 2980 .-

155 3056 171 3104 4
189 3055 342 3120 proeliatur
359 3058 379 3105 Β
398 3058 415 3104 0
434 3057 455 3105 V
475 3055 479 3119 Ι
500 3057 622 3122 prolusio
640 3058 706 3107 ΠΙ
718 3059 807 3110 Bert:
826 3059 948 3124 prelusio
966 3063 986 3110 Β
1001 3064 1053 3112 GV

88 3118 100 3187 Η
121 3124 136 3172 7
155 3122 279 3173 sordibus
297 3125 331 3186 Δς
350 3125 385 3187 ef.
397 3125 465 3177 Hor.
485 3127 525 3175 od.
539 3126 575 3174 II
586 3128 608 3185 l,
627 3129 661 3176 22
679 3124 691 3191 ΙΙ
707 3129 722 3176 9
741 3126 849 3191 quidem
867 3130 902 3189 Η,
921 3131 1030 3180 correxi
1048 3128 1051 3195 l

85 3189 227 3239 turbarum
234 3191 299 3239 ‚tw
315 3189 325 3255 ΙΙ
343 3192 375 3240 10
388 3191 519 3255 quaedam
528 3194 562 3240 W
570 3193 660 3246 Ber-a:
676 3194 785 3258 quidem
796 3195 818 3243 Δ
828 3196 847 3243 Β
858 3198 875 3243 c
885 3195 907 3243 V
921 3193 925 3257 Ι
941 3197 1053 3248 schema

84 3257 193 3336 peripsi:
212 3257 339 3321 quiddam
350 3258 425 3308 Bert-
445 3260 593 3324 quedamA
612 3276 696 3311 scena
708 3274 741 3323 sv,
760 3277 806 3312 om.
820 3263 840 3310 Β
854 3264 870 3309 0
883 3263 905 3308 V
922 3261 932 3328 ΙΙ
950 3265 981 3314 12
998 3264 1052 3316 hec

86 3325 522 3456 11111,1111111111ἕὶ
533 3327 586 3446 tt.
599 3330 755 3458 111111
775 3325 1053 3452 littbtffnflt

87 3458 148 3522 ipso
167 3460 225 3509 edd.
244 3457 254 3525 ΙΙ
275 3463 308 3510 24
326 3465 353 3511 et
371 3460 466 3513 fauore
486 3478 532 3517 om.
551 3462 626 3513 Bert.
645 3460 655 3527 ΙΙ
676 3463 708 3512 25
727 3461 834 3525 scolae;
852 3465 889 3514 ita
906 3481 1007 3532 semper
1024 3469 1052 3516 Β
