2294 3780
113 176 176 239 246
455 178 502 228 xi.
529 177 739 229 minuamur

114 327 200 391 sidus
227 349 260 390 es
288 330 385 392 ortus,
429 327 463 390 hi
485 328 571 391 ciues
599 330 632 390 et
652 327 821 410 populares
843 327 891 391 tui
913 327 1007 391 silere
1029 349 1082 391 me

113 433 179 475 non
201 412 311 476 sinunt
338 433 397 475 nec
419 412 585 494 patiuntur
611 414 648 475 ut
670 412 837 495 quisquam
864 411 947 475 alius
976 413 1084 495 auspi·

114 496 275 560 catissimo
294 496 345 559 die
365 500 443 578 aput
457 498 490 558 te
513 517 550 560 ac
571 496 609 559 de
624 499 656 559 te
678 495 830 578 loquendi
852 517 967 559 munus
990 517 1083 560 usur·

113 583 168 664 pet
189 601 285 662 quam
307 581 404 662 isqui
427 580 623 663 amplissimo
639 580 682 643 sit
695 580 858 663 praeditus
877 580 1082 664 magistratu.

86 666 230 748 sputant
252 662 371 745 aliquid
387 662 510 728 adicere
534 664 573 727 ad
588 665 790 748 splendorem
809 664 936 728 laudum
952 669 1084 729 tuarum

113 748 253 812 consulis
275 768 408 811 nomen·
433 751 465 811 et
486 752 572 812 recte
593 752 720 832 putant.
749 749 885 812 adicitur
907 749 992 812 enim
1015 750 1084 814 lau-

114 832 190 894 dum
218 831 368 914 dignitati
396 798 517 896 lionore
543 834 716 897 laudantis.
760 855 798 897 ac
821 833 910 912 licet,
940 835 1084 898 maxime

114 917 298 999 imperator,
321 917 449 1000 publico
472 917 589 981 iudicio
612 921 645 982 et
665 918 795 983 nomine
817 939 912 1002 agere
926 918 987 982 tibi
1010 940 1083 1004 gra·

111 1001 174 1065 tias
197 1001 344 1083 debeam,
372 1004 480 1066 tamen
508 1001 564 1065 illa
591 1024 672 1085 quae
697 1023 756 1085 pro
784 1024 909 1065 summa
937 1023 972 1066 re
995 1003 1085 1066 domi

73 1085 253 1168 inferisque
274 1087 404 1170 gessisti
430 1108 516 1150 nunc
539 1109 577 1150 ex
598 1090 690 1169 parte
717 1087 857 1149 maxima
877 1088 1083 1170 praetermit-

112 1174 193 1252 tam,
222 1174 259 1233 ut
281 1176 400 1253 quanto
430 1171 518 1248 ocius
546 1170 586 1233 ad
609 1193 646 1235 ea
669 1193 749 1254 quae
770 1191 829 1254 pro
855 1192 889 1234 re
912 1174 989 1234 sunt
1009 1194 1083 1255 per-

111 1254 222 1318 ueniat
244 1256 356 1319 oratic.

175 1338 234 1402 ΙΠ.
279 1341 333 1402 An
357 1360 417 1423 ego
446 1361 532 1402 nune
552 1343 697 1422 receptas
725 1339 843 1402 uirtute
865 1342 922 1401 tua
945 1338 1080 1420 Gallias,

112 1423 292 1486 barbariam
320 1445 448 1487 omnem
475 1423 640 1486 subactam
662 1445 794 1506 pergam
818 1424 909 1506 quasi
937 1444 1023 1488 noua
1050 1431 1083 1489 et

74 1527 99 1567 15
112 1506 258 1570 inaudita
285 1506 486 1571 memorare?
529 1528 609 1590 quae
636 1508 671 1570 in
699 1507 760 1572 hac
786 1507 924 1571 Romani
952 1508 1083 1592 imperii

111 1594 202 1673 parte
230 1591 460 1674 gloriosissima
492 1594 567 1654 sunt
593 1591 698 1655 famae
725 1592 819 1655 laude
852 1592 1012 1655 celebrate
1045 1594 1081 1656 in

110 1679 238 1738 tautum
267 1679 303 1738 ut
324 1675 525 1758 imperatoris
553 1674 663 1738 fratris
690 1677 888 1739 mererentur
912 1675 1080 1740 inuidiam.

112 1758 187 1840 quid
210 1759 295 1820 enim
322 1759 407 1821 aliud
430 1781 449 1822 a
470 1762 503 1821 te
526 1759 684 1822 consortis
709 1759 937 1842 [imperatoris]
960 1760 1081 1824 aliena-

112 1841 161 1904 uit
182 1843 323 1904 animum
351 1843 414 1905 nisi
436 1843 559 1925 gloriae
581 1846 655 1906 tuae
678 1843 855 1927 splendor?
897 1846 1000 1906 testor
1021 1845 1079 1908 im-

73 1948 99 1987 ao
113 1925 280 1988 mortalem
290 1926 393 2009 deum,
409 1929 510 1989 testor
525 1926 564 1988 ad
575 1927 679 1990 uicem
690 1928 831 1991 numinis
843 1927 924 1992 mihi
935 1931 1081 1992 sanctem

112 2009 339 2074 conscientiam
360 2032 463 2074 meam
485 2031 536 2073 me
557 2011 658 2074 multa
679 2015 864 2076 constanter
884 2012 920 2075 in
941 2011 1004 2076 hac
1025 2035 1079 2096 po-

109 2095 268 2159 tissimum
290 2094 368 2158 urbe
389 2094 488 2159 fuisse
510 2095 669 2159 dicturum
691 2096 730 2159 de
750 2095 801 2160 his
823 2118 904 2180 quae
926 2096 1079 2160 aduersus

111 2181 268 2263 optimum
290 2180 515 2263 imperatorem
537 2180 747 2244 inclementer
768 2184 800 2244 et
821 2181 918 2263 impie
937 2182 1079 2265 cogitata

111 2268 205 2347 atque
233 2267 381 2348 suscepta
409 2268 497 2344 sunt,
528 2264 556 2327 si
578 2265 761 2328 etiamnunc
782 2264 949 2329 homiuum
971 2270 1079 2331 coetus

72 2370 98 2410 ar
110 2348 203 2412 diuus
225 2348 436 2414 Constantius
464 2347 691 2431 frequentaret.
736 2370 911 2432 numquam
934 2350 1079 2432 profecto

110 2432 204 2495 liberi
233 2433 311 2496 ciuis
340 2436 373 2496 et
394 2432 470 2495 boni
495 2433 651 2496 senatoris
680 2432 786 2497 officio
809 2434 980 2497 defuissem
1003 2456 1080 2517 quo-

110 2517 215 2578 minus
248 2515 473 2599 redarguerem
506 2519 601 2598 atque
630 2517 852 2581 conuincerem
889 2539 941 2581 eae
967 2517 1018 2582 illi
1045 2520 1081 2582 in

110 2602 143 2661 te
165 2599 229 2662 odii
250 2599 350 2662 fuisse
379 2616 489 2661 causas
512 2621 590 2681 quae
619 2601 737 2664 amoris
758 2601 1020 2666 inflammatrices
1047 2608 1081 2668 et

110 2682 184 2746 fidei
206 2681 333 2746 obsides
357 2703 426 2746 esse
449 2682 625 2746 debuerint,

178 2959 192 3004 1
214 2969 242 3005 es
261 2961 337 3006 ortus
355 2957 463 3018 scripsi:
482 2960 594 3005 exortus
606 2957 634 3002 Η
653 2961 765 3006 exortus
784 2972 813 3007 es
828 2955 962 3008 Liuineius
974 2955 1013 3023 Ι12
1032 2974 1081 3009 au-

110 3023 297 3086 spicacissimo
315 3024 335 3071 B
354 3025 371 3071 0
389 3024 422 3071 W
451 3020 461 3087 l
491 3021 652 3073 carcereo
682 3020 692 3088 ΙΙ
722 3024 877 3074 Vhonorc
906 3023 916 3089 ΙΙ
948 3027 979 3074 11
999 3041 1082 3090 quam

110 3090 186 3140 ocius
204 3103 229 3137 w
253 3089 257 3151 Ι
281 3105 330 3154 pro
349 3105 376 3138 re
394 3092 503 3153 scripsi:
523 3091 633 3154 proprie
651 3092 807 3156 Hpropria
825 3093 884 3144 edd.
915 3090 926 3157 l
956 3095 989 3143 14
1006 3108 1082 3143 noua

110 3164 136 3206 ei
152 3156 266 3206 Romani
284 3159 366 3207 emt
395 3154 406 3220 ΙΙ
437 3158 467 3206 16
485 3163 549 3206 sunt
568 3171 605 3205 w:
624 3158 679 3207 siut
696 3160 724 3206 11
748 3157 757 3223 ΙΙ
783 3161 814 3209 17
831 3160 1006 3224 imperatorie
1024 3162 1081 3210 fra·

109 3225 162 3274 tris
178 3224 201 3270 A
218 3223 310 3274 Bere:
332 3225 435 3274 inuersa
454 3226 544 3275 ordine
562 3226 582 3273 B
600 3228 618 3274 c
636 3226 658 3272 V
675 3227 708 3273 W
737 3223 747 3291 ll
778 3228 809 3276 18
830 3226 906 3277 aliud
924 3243 941 3277 a
959 3232 986 3277 te
1003 3230 1038 3277 A:
1064 3244 1081 3278 a

109 3296 138 3341 te
158 3291 234 3341 aliud
251 3292 271 3339 B
289 3293 307 3339 0
325 3292 347 3338 V
364 3293 398 3339 W
421 3289 425 3354 1
449 3292 624 3355 imperatorie
643 3294 692 3342 del.
711 3295 842 3344 Liuineius
865 3292 876 3360 ll
899 3297 933 3346 20
950 3299 1040 3346 testor
1057 3297 1082 3345 A

108 3360 202 3410 Beri..·
220 3375 267 3409 om.
284 3360 305 3407 Β
323 3361 341 3407 0
360 3359 382 3407 V
400 3362 433 3408 W
449 3356 460 3423 ΙΙ
481 3361 513 3408 21
532 3360 704 3424 potissimum
721 3361 796 3411 Bere.
813 3361 849 3411 A:
868 3378 914 3412 om.
932 3364 954 3412 Β
971 3366 989 3413 0
1008 3363 1030 3411 V
1046 3362 1081 3412 W

110 3424 124 3492 l}
143 3429 176 3544 23
194 3431 223 3544 gt
241 3442 288 3477 om.
307 3425 382 3476 Bert.
399 3425 409 3491 ΙΙ
426 3428 458 3476 27
475 3429 557 3476 malim
575 3428 718 3491 quominus
737 3433 829 3480 reatus
848 3429 1041 3494 redarguerem
1065 3430 1078 3497 Η

108 3496 141 3545 29
178 3496 350 3544 eueruntt
