2294 3780
282 156 537 208 consrarrrruo
555 155 729 209 aucusro
747 158 781 207 n.
800 159 874 211 r-a.
1003 157 1064 222 199

91 305 229 391 peianus
251 308 418 370 auerteret.
451 327 470 369 o
493 305 708 369 miserabilem
722 304 958 370 Veronensium
981 309 1064 372 cala·

91 391 256 474 mitatem,
285 411 363 474 quos
390 410 457 454 non
479 393 546 454 tam
567 394 623 453 tua
646 411 741 472 quarn
763 390 920 454 intestina
943 393 1064 455 satelli-

91 478 163 538 tum
184 474 302 558 pressit
323 474 460 538 obsidio!
492 475 609 558 quippe
631 472 763 537 Athesis
785 474 839 537 ille
862 476 947 539 saxis
970 497 1064 559 asper

92 561 128 622 et
148 558 332 644 gurgitibus
354 559 530 622 uerticosus
553 563 586 622 et
600 559 722 642 impetu
737 559 827 622 ferox
848 561 1063 643 oppugnatio-

92 664 169 706 nem
180 642 373 727 prohibebat
388 664 578 726 omnemque
593 646 678 707 retro
693 643 858 790 regionem
873 643 1089 709 inuehendiss

94 728 195 810 copiis
223 731 328 792 tutam
356 726 581 811 defensamque
608 729 736 811 praesta
759 731 803 791 at.
848 729 932 811 quod
954 732 1065 794 tamen

93 832 136 876 ne
169 810 290 876 diutius
317 811 441 875 hostem
475 812 601 875 iuuaret
628 811 831 895 prouidentia
857 817 913 876 tua
943 814 1064 878 factum

93 899 159 978 est,
186 917 259 960 cum
281 895 497 980 superioribus
518 897 554 959 in
576 896 667 978 locis,
696 918 759 979 qua
781 896 884 960 lenior
906 898 1010 962 amnis
1033 902 1066 962 et

93 980 203 1064 ignari
224 979 334 1044 hostes
357 984 457 1064 erant,
481 981 638 1044 exereitus
660 983 752 1063 parte
773 981 908 1045 traiecta
930 983 1065 1065 ancipiti

94 1064 255 1148 periculo,
297 1065 423 1129 clausos
460 1065 668 1147 obsessosque
704 1066 822 1129 omissa
854 1088 980 1130 remora
1013 1084 1104 1130 err-10

93 1148 194 1233 periri
216 1149 313 1213 annis
335 1147 470 1232 coegisti
493 1149 634 1232 adeoque
654 1170 764 1213 omnes
787 1151 1065 1233 praeruptionem

93 1235 333 1316 temptauerant
354 1233 497 1298 cecidisti
519 1236 555 1296 ut
576 1235 640 1296 dux
660 1233 729 1315 ipse
752 1254 824 1296 cum
844 1238 937 1316 parte
961 1236 1065 1317 copia·

94 1339 168 1380 rum
191 1316 232 1380 ad
246 1318 436 1381 arcessenda
452 1318 571 1381 auxilia
592 1317 691 1380 muris
709 1319 888 1400 excesserit,
910 1319 1064 1381 maiorem

94 1402 193 1465 miser
207 1401 401 1466 adducturus
417 1402 589 1466 exercitum
608 1404 645 1464 ut
658 1401 779 1464 maiore
795 1403 950 1465 comitatu
965 1401 1064 1466 cladis

94 1484 263 1550 occideret.
309 1506 371 1570 quo
400 1486 527 1570 quidem
549 1488 691 1569 tempore
718 1486 889 1569 praecipua
915 1486 1064 1569 apparuit
1077 1503 1103 1545 ra

92 1573 162 1652 tua,
184 1570 366 1667 imperator,
393 1591 468 1634 cura
490 1570 585 1634 simul
607 1573 640 1634 ct
661 1569 761 1633 animi
782 1571 980 1654 magnitudo,
1010 1571 1064 1654 qui

94 1654 245 1718 redeunti
266 1655 316 1718 illi
337 1655 460 1718 minore
481 1655 622 1719 exercitu
644 1654 796 1739 congredi
819 1676 912 1738 qnam
928 1654 1064 1718 obsidio·

94 1760 173 1803 nem
194 1739 406 1804 intermittere
428 1739 587 1822 maluisti,
619 1761 659 1803 ne
686 1740 845 1823 respirare
867 1739 982 1803 clausis
1010 1743 1065 1803 aut

96 1823 236 1970 effugere
258 1826 314 1886 aut
334 1824 501 1887 imminere
522 1828 616 1909 tergo
638 1824 757 1889 liceret.

178 1907 218 1971 X.
246 1907 293 1971 Et
307 1908 411 1991 primo
426 1908 562 1992 quidem,
579 1911 615 1972 ut
629 1908 732 1990 audi0,
750 1909 853 1973 aciem
867 1909 1064 1973 instruxeras
1078 1924 1104 1964 ²0

97 1990 272 2075 duplicem,
303 2013 377 2055 mox
402 1992 530 2075 prouiso
560 1993 777 2056 aduersarium
804 2014 937 2056 numero
968 1993 1066 2076 expli-

95 2077 165 2138 cari
198 2076 309 2139 statim
346 2076 381 2139 in
413 2077 551 2140 frontem
584 2076 711 2140 ordines
745 2079 777 2139 et
809 2077 937 2139 extendi
969 2076 1067 2139 latius

96 2181 188 2224 arma
208 2160 339 2243 iussisti,
363 2182 401 2224 ex
418 2165 474 2224 tuo
496 2162 602 2224 animo
624 2160 776 2223 nimirum
799 2160 924 2222 animos
939 2161 1067 2222 tuorum

96 2245 242 2308 omniurn
267 2246 419 2328 metiens3
453 2247 597 2328 quamuis
620 2244 752 2328 grauius
774 2242 850 2306 inde
871 2242 996 2324 pondus
1018 2243 1066 2306 in·

96 2328 199 2414 iringi
220 2350 313 2412 posse
338 2329 460 2413 impetu
482 2329 678 2412 pauciorum.
722 2327 851 2390 laudare
878 2347 928 2389 me
958 2325 1065 2389 existi·
1079 2343 1104 2383 aa

97 2434 177 2497 mas,
199 2412 385 2497 imperator,
409 2416 525 2478 cuncta
546 2434 627 2497 quae
649 2412 684 2475 in
706 2411 761 2475 illo
782 2410 904 2494 proelio
927 2409 1066 2474 feceris?

98 2506 163 2582 ego'
188 2518 265 2561 uero
293 2498 410 2562 iterum
437 2519 560 2582 queror.
604 2516 812 2580 prospexeras
846 2494 970 2577 omnia,
1006 2494 1069 2558 dis·

98 2601 250 2664 posueras
276 2583 441 2665 uniuersa,
476 2582 592 2646 summi
618 2581 819 2665 imperatoris
849 2579 956 2645 officia
985 2601 1068 2643 com·

98 2670 254 2748 pleneras.
293 2687 349 2730 cur
370 2667 440 2750 ipse
461 2665 638 2751 pugnasti?
661 2668 770 2729 curte
793 2665 990 2729 densissimis
1012 2664 1067 2728 ho-

168 2874 185 2922 3
203 2875 290 2923 atesis
308 2871 372 2919 ΠΙ
391 2871 499 2921 athenis
516 2873 536 2920 B
552 2869 557 2936 1
573 2886 655 2937 asper
672 2887 718 2920 om.
733 2869 808 2919 Berl.
821 2867 860 2932 114
877 2866 1008 2931 impedita
1025 2866 1065 2932 Al

98 2941 306 3006 oppugnatione
323 2939 388 2988 ΔΨ
401 2937 439 3003 115
457 2939 618 2990 inuehendis
630 2939 775 2988 Liuineius:
793 2938 822 2986 in
839 2933 987 2985 euchendis
1004 2936 1069 2983 ΔΨ

98 3006 176 3058 Bert.
197 3006 344 3057 euehendis
361 3007 382 3054 B
401 3009 418 3054 c
437 3007 548 3056 suendis
567 3009 590 3054 V
606 3004 616 3071 ΙΙ
632 3007 648 3055 8
666 3004 755 3055 leuior
772 3005 796 3053 Δ
812 3005 832 3052 B
851 3004 873 3051 V
888 3000 898 3066 ΙΙ
916 3006 931 3053 9
950 3004 1068 3053 traiecta

99 3074 179 3125 Mict.
194 3075 353 3139 Uindonqas:
373 3074 495 3137 proiecta
507 3076 535 3121 Π
546 3070 557 3137 ΙΙ
570 3075 602 3123 10
620 3073 738 3124 obmissa
750 3085 788 3120 w:
807 3071 942 3122 obmissos
954 3073 982 3118 Π
993 3069 1068 3122 Bere.

102 3139 105 3206 Ι
119 3156 226 3192 remora
238 3158 299 3207 eqo:
312 3156 424 3206 pomora
437 3144 464 3189 Μ
477 3140 564 3203 (mora
575 3137 607 3204 B)
620 3154 668 3205 spe
679 3154 771 3189 morae
783 3153 810 3187 vr
820 3137 830 3204 ΙΙ
845 3142 874 3189 11
889 3141 935 3204 qui
948 3139 1069 3204 eruptio·
1133 3196 1136 3201 ¹

98 3224 164 3259 nem
180 3212 385 3274 temptauerunt
403 3222 442 3257 w:
461 3208 566 3271 eruptio
584 3211 769 3272 temptaucrat
780 3208 807 3254 li
825 3222 879 3272 qua
892 3206 1000 3270 eruptio
1013 3211 1070 3255 ten·

99 3281 163 3327 tata
181 3282 243 3327 erat
255 3279 386 3327 Liuineius
398 3274 408 3342 l
422 3278 453 3325 12
471 3275 525 3325 dux
543 3276 603 3340 ipse
622 3291 683 3324 cum
696 3288 733 3324 w:
752 3275 812 3340 ipso
829 3290 890 3325 curn
909 3273 963 3323 dux
975 3275 1002 3321 H
1013 3269 1024 3336 ΙΙ
1036 3275 1068 3322 al

99 3344 288 3395 aduersarium
301 3346 337 3392 A:
350 3343 689 3401 aduersariorumBGVw;
706 3344 741 3406 ef.
754 3343 833 3403 Neue,
843 3339 979 3391 lat.Form.
991 3340 1006 3389 1
1017 3342 1069 3388 113

100 3408 114 3476 ΙΙ
129 3414 163 3462 23
175 3412 280 3462 animos
293 3417 401 3463 tuorum
414 3412 532 3463 omniurn
544 3410 630 3461 onaw
641 3411 667 3460 in
678 3413 728 3459 lac.
740 3412 757 3460 8
768 3412 816 3459 litt.
830 3406 840 3473 ΙΙ
853 3411 885 3458 25
897 3406 1007 3456 laudari
1019 3408 1041 3454 Δ
1054 3403 1067 3472 ll

99 3481 134 3529 27
153 3493 255 3543 quaero
274 3480 409 3530 Acidalius
426 3477 436 3543 ΙΙ
453 3482 486 3530 28
504 3478 596 3529 omnia
614 3479 745 3528 uniuersa
762 3475 837 3526 Bert.
854 3475 917 3538 fort.
937 3480 1006 3523 recle
