2294 3780
286 128 867 181 naxrnrsnoiuousron.a-1i.
1021 128 1062 193 97

93 280 129 342 ι
150 277 298 341 iustiores
328 277 412 361 quod
439 277 511 342 illos
539 283 641 342 mater
667 282 718 342 ast
719 301 740 342 u
762 279 884 363 coegit,
914 300 986 343 cum
1008 299 1064 343 ne-

95 362 177 425 mini
203 362 359 426 fateretur
389 383 482 445 quern
509 363 599 447 prius
622 362 803 427 edidisset
794 385 829 426 ιιι
851 328 964 445 ldeem,
993 364 1063 446 pari

95 446 213 543 aetatis
240 447 430 511 auctoritate
457 466 609 531 regnare·
641 468 699 511 uos
721 448 781 512 hoc
810 451 925 530 sponte
946 448 1063 545 facitis,

94 546 232 614 qnosm
255 531 387 594 summis
414 532 509 595 rebus
538 533 688 615 aequauit
715 552 780 596 non
808 531 1001 596 uultuum
976 531 1064 595 simi·

95 615 209 699 lit,ndo
233 615 286 679 sed
309 637 442 679 morum.
1075 634 1088 674 ο

152 699 193 764 X.
217 701 370 764 Attamen
393 700 477 781 illos,
507 699 534 763 si
563 700 734 764 discrimen
762 701 811 763 sui
840 703 921 765 scire
943 701 1064 799 potuis·

95 789 180 866 sent,
210 785 316 849 minus
338 785 453 848 mirum
481 784 596 848 fuisset
623 785 773 882 exiguam
801 785 862 849 sibi
890 786 1065 849 communi·

94 888 187 933 casse
208 869 383 954 regionem,
408 890 501 952 quam
525 890 619 952 saepe
642 892 706 932 uno
729 869 940 955 die1mpiger
960 871 1067 934 uiator

96 974 245 1017 emensus
273 956 331 1017 est.
366 974 424 1016 uos
452 974 544 1036 nero,
580 955 634 1037 qui
662 955 830 1037 imperium
858 976 924 1018 non
952 958 1065 1037 terrae,

94 1038 152 1101 sed
175 1037 254 1102 caeli
276 1037 462 1123 regionibus
484 1004 675 1121 terininatis,
697 1042 822 1102 tantam
844 1040 919 1121 uim,
941 1043 1067 1104 tantam
1080 1058 1105 1098 ιο

95 1125 290 1205 potestatem
318 1125 429 1185 mutuo
457 1121 550 1186 uobis
578 1088 743 1206 impaitire
771 1124 901 1188 diuinae
910 1088 1066 1206 'profecto

95 1206 348 1289 immortalisque
371 1206 506 1271 fiduciae
528 1211 585 1290 est,
608 1228 702 1291 quam
719 1208 877 1291 cupiditas
892 1207 981 1271 nulla
996 1229 1067 1291 per-

95 1292 216 1355 turbet.
248 1294 280 1354 et
301 1293 412 1354 tamen
433 1292 564 1374 uides,
554 1313 677 1374 impera
679 1296 738 1373 t,or
761 1312 828 1354 non
848 1292 993 1387 inuenire
1016 1312 1067 1354 me

95 1397 136 1439 ex
158 1375 246 1440 omni
267 1375 407 1472 antiquit
408 1379 460 1440 ate
481 1375 565 1459 quod
582 1397 763 1459 comparem
786 1376 886 1458 nobie,
909 1375 972 1439 nisi
964 1374 1067 1438 Her·

97 1460 208 1524 culeae
230 1459 338 1556 gentis
361 1460 551 1543 exemplum.
586 1483 661 1524 nam
689 1460 743 1523 ille
771 1424 898 1543 quiderir
928 1479 1065 1559 magnus
1082 1478 1106 1519 ιι

96 1544 321 1609 Alexander
311 1564 376 1607 iam
403 1544 483 1608 mihi
510 1544 640 1608 humilis
668 1545 795 1608 uidetur
816 1544 897 1608 Indo
919 1545 989 1628 regi
1011 1560 1069 1608 sua

94 1650 199 1726 regna
226 1628 402 1711 reddendo,
431 1650 503 1693 cum
531 1632 600 1693 tam
627 1630 719 1694 multi
694 1634 852 1715 treges,
883 1630 1067 1712 imperator,

96 1713 198 1778 uestri
227 1712 360 1777 clientes
389 1713 469 1792 sint,
501 1734 572 1777 cum
601 1736 658 1797 per
685 1717 718 1778 te
745 1736 882 1798 regnum
912 1713 1069 1797 receperit

97 1795 336 1862 Gennoboudas
360 1819 379 1860 a
400 1763 494 1881 teqde
519 1799 661 1862 cominus
684 1800 852 1882 acceperit.
884 1798 959 1882 quid
983 1798 1069 1862 enim

97 1881 153 1945 ille
176 1881 262 1946 aliud
285 1882 440 1965 expetiuit
426 1884 507 1946 tad
535 1888 742 1979 conspectum
770 1890 859 1949 ιιιιιιιο
887 1883 1068 1948 cumomni
1082 1903 1107 1942 ιο

97 1988 155 2030 sua
183 1970 284 2064 gente
249 1966 483 2049 tussiendo,
517 1966 580 2031 nisi
616 1971 695 2032 ιιιι
696 1990 758 2032 unc
787 1969 914 2032 demum
940 1969 1070 2052 integra

97 2051 291 2116 auctoritate
313 2055 472 2136 regnaret,
496 2072 568 2115 cum
590 2056 632 2136 te,
590 2052 859 2130 tMaximiane,
884 2051 1068 2135 placasset?

96 2135 240 2200 ostendit
253 2137 308 2200 ille
328 2139 361 2200 te
384 2136 459 2199 iden
455 2135 570 2283 pidem,
594 2141 631 2200 ιιι
653 2138 756 2219 audio,
780 2103 988 2219 popdlaribus
1004 2136 1069 2198 suis

97 2223 132 2283 et
156 2220 276 2284 intueri
303 2219 394 2283 diu
385 2221 478 2284 iussit
508 2224 541 2284 ct
572 2222 723 2303 obsequia
750 2219 879 2302 discere,
909 2241 980 2283 oum
1009 2218 1070 2281 tibi

97 2304 166 2388 ipse
193 2304 337 2369 senuiret.
375 2306 438 2369 hoc
466 2305 576 2369 eodem
603 2305 698 2368 modo
726 2324 783 2366 rex
811 2303 865 2366 ille
888 2303 1067 2380 Persarum,
1083 2321 1108 2362 ιι

97 2410 274 2472 numquam
296 2410 329 2453 se
351 2393 426 2454 ante
447 2390 621 2487 dignatus
619 2388 782 2453 hominem
799 2388 898 2452 confit
884 2388 954 2469 teri,
977 2386 1070 2450 fratri

95 2476 153 2536 tuo
185 2474 389 2557 supplicatt
390 2476 555 2558 otumqua,
596 2474 623 2537 si
660 2473 785 2570 ingredi
819 2472 875 2536 ille
908 2471 1069 2556 dignetur,

96 2579 235 2655 regnum
257 2580 349 2622 suum
372 2558 494 2641 pandit.
526 2559 620 2623 offert
641 2558 772 2623 interim
794 2557 885 2621 uaria
908 2557 1070 2638 miracula,

97 2643 234 2739 eximiae
256 2642 480 2726 pulcritudinis
508 2644 591 2707 feras
621 2643 739 2725 mitti,t
770 2642 930 2707 amicitiae
952 2661 1072 2704 nomen

96 2727 142 2790 im
166 2730 270 2790 strare
292 2748 357 2792 ιοοιο
380 2730 550 2792 contentus
573 2692 771 2824 promeretirr
794 2727 958 2825 obsequio.
1083 2744 1110 2784 ao

187 2811 212 2874 1.
236 2810 353 2876 Uestra
372 2812 433 2875 hoc
455 2813 623 2876 concordia
643 2813 731 2895 facit,
754 2811 960 2876 inuictissimi
982 2811 1070 2892 prin-

97 2894 202 2978 cipes,
227 2899 264 2960 ιιι
285 2896 418 2960 uobist
403 2899 495 2960 ttana
524 2896 718 2980 aequalitate
747 2917 951 2961 successuum
974 2895 1072 2958 etiam

165 3051 313 3101 Getiamsi
335 3052 408 3115 Cusp.
430 3048 441 3115 ss
466 3053 496 3101 17
516 3052 695 3117 imperatores
713 3053 802 3101 uestri
819 3053 856 3112 M,
875 3052 983 3101 corrasi
1007 3047 1017 3113 ll
1042 3051 1073 3098 18

97 3115 203 3199 recep]
229 3133 338 3184 suscep.
361 3117 435 3170 Bert
468 3116 479 3182 ΙΙ
515 3121 545 3168 19
571 3117 775 3169 Gennosoudes
800 3135 816 3166 a
840 3122 925 3182 teque
948 3119 1073 3166 eominus

95 3187 205 3248 scripsi:
225 3187 388 3250 gennoboud
400 3186 497 3236 esateh
516 3184 675 3249 (gennobou
689 3186 804 3237 desateh
816 3186 881 3234 Aw
894 3185 1009 3236 oxathet
999 3184 1027 3232 th
1042 3181 1072 3246 B)

97 3268 162 3303 uero
181 3268 279 3302 munus
296 3254 332 3304 H.
361 3252 548 3304 Gennobonde
566 3253 646 3303 Sathi
665 3253 739 3304 Bert
765 3251 968 3303 Gennoborrdes
987 3256 1072 3315 atque

97 3320 136 3384 (et
156 3337 172 3370 a
187 3325 215 3371 te
230 3319 346 3371 Bueeuer
336 3320 413 3385 leros)
432 3322 581 3370 comminus
595 3323 631 3373 H.
644 3321 764 3371 Racilius
778 3324 794 3370 l.
810 3324 825 3370 l.
838 3337 866 3383 p.
880 3324 913 3368 17
930 3317 939 3384 ΙΙ
958 3322 991 3369 20
1010 3333 1073 3367 con-

96 3393 222 3454 spectum
241 3392 318 3437 tuum
336 3402 373 3437 w:
393 3393 570 3452 conspectum
588 3390 615 3437 Π
627 3387 637 3453 ΙΙ
650 3391 682 3439 27
702 3386 736 3452 si]
757 3389 811 3438 sibi
829 3389 851 3435 Δ
871 3403 901 3437 se
915 3385 1000 3450 01130
1017 3399 1075 3434 non

96 3458 189 3507 addidi
209 3453 219 3520 ll
240 3457 273 3505 32
292 3457 421 3507 intanta
441 3456 516 3522 Gusp.
537 3456 541 3520 l
562 3471 740 3506 successuum
757 3469 794 3503 w:
814 3469 973 3504 successum
990 3452 1016 3498 Μ

143 3539 232 3579 Passa.
244 3546 299 3580 nar.
909 3554 934 3603 ‘l
948 3564 961 3605 ⁴.
1075 3588 1085 3603 ἢ
1101 3557 1128 3602 3.
1144 3576 1146 3584 .
