2294 3780
124 144 164 208 76
443 143 466 195 Ι.
502 141 532 193 C.
554 139 670 192 PLINII
687 138 767 192 PAN.

29 288 32 295 '
122 295 245 358 tionem
260 292 389 357 laboris.
420 312 502 375 quae
524 289 609 354 enim
630 288 775 352 remissio
790 287 850 351 tibi
871 287 936 351 nisi
954 287 1094 354 lustrare

124 379 239 460 saltus,
273 379 420 441 excutere
446 375 603 440 cubilibus
624 374 726 455 feras,
760 392 911 456 superare
933 373 1096 441 immensa

123 463 281 526 montium
308 461 386 544 iuga
420 461 453 523 et
478 457 682 522 horrentibus
711 456 850 540 scopulis
878 456 1015 541 gradum
1042 460 1093 526 in·

123 547 216 628 ferre,
238 544 358 608 nullius
380 550 487 624 manu,
510 543 629 607 nullius
652 542 791 626 uestigio
815 540 970 624 adiutum,
996 545 1093 626 atqua

98 630 208 695 sinter
229 630 309 692 haec
330 629 385 712 pia
405 631 513 692 mente
536 627 623 692 adire
641 626 730 690 lucos
753 628 785 690 et
800 646 965 689 occursare
987 629 1096 693 numi-

122 712 242 776 nibus?
287 713 364 777 olim
391 712 470 777 hacc
498 711 694 796 experientia
718 710 908 792 iuuentutis,
936 709 1015 776 haec
1036 733 1096 778 uo·

88 794 90 799 ’
124 797 231 881 luptas
259 801 343 882 erat,
376 798 427 862 his
455 796 576 860 artibus
603 794 709 859 futuri·
732 795 828 859 duces
855 794 1093 882 imbuebantur,

125 884 247 945 certare
277 902 349 945 cum
376 881 412 946 fu
436 881 545 945 acibus
571 880 648 945 feris
677 900 784 962 cursu,
817 899 890 942 oum
917 879 1097 946 audacibus

123 965 248 1045 robore,
273 986 345 1050 pum
367 903 491 1030 calXidis
513 967 598 1049 astu3
621 984 682 1028 neo
704 964 862 1027 mediocre
884 964 973 1046 pacis
995 964 1094 1031 decus

87 1075 112 1114 ιο
124 1049 303 1113 habebatur
332 1050 480 1114 submota
508 1049 627 1133 campis
655 1047 791 1132 irruptio
813 1047 953 1111 ferarum
981 1051 1014 1112 et
1036 1049 1093 1115 ob-

126 1133 248 1198 sidione
277 1134 413 1217 quadam
438 1133 590 1198 liberatus
620 1134 795 1217 agrestium
816 1131 916 1197 labor.
959 1154 1096 1217 usurpa·

125 1219 204 1282 bant
230 1217 366 1303 gloriam
392 1219 490 1282 istam
517 1217 566 1281 illi
589 1238 714 1302 quoque
735 1215 897 1299 principes
925 1216 980 1300 qui
1003 1218 1093 1284 obire

125 1324 191 1367 non
218 1306 384 1387 poterant:
427 1303 627 1386 usurpabant
661 1304 768 1365 autem
801 1304 849 1366 aaa
884 1303 921 1364 ut
954 1301 1093 1367 domitas

90 1396 97 1407 ‘
125 1389 307 1471 fractasque
330 1387 476 1453 claustris
498 1387 584 1451 feras
608 1407 646 1450 ac
669 1385 782 1449 deinde
803 1385 839 1448 in
859 1385 1001 1467 ipsorum
1022 1387 1095 1471 qui·

88 1496 112 1536 1⁵
126 1472 198 1536 dem
214 1472 387 1537 ludibrium
402 1473 532 1536 emissas
547 1470 682 1535 mentita
703 1468 878 1554 sagacitate
894 1468 1092 1554 colligerent.

125 1555 201 1619 huic
222 1577 280 1637 par
295 1556 442 1640 capiendi
464 1554 699 1639 quaerendique
721 1554 817 1617 sudor
834 1575 1038 1652 summusque
1060 1559 1098 1620 et

126 1640 210 1703 idem
225 1640 429 1723 gratissimus
449 1639 539 1703 labor
553 1639 707 1702 inuenire.
729 1639 902 1719 enimuero,
925 1660 953 1702 s1
968 1639 1094 1723 quando

126 1723 248 1806 placuit
269 1723 354 1788 idem
377 1726 519 1806 corporis
539 1722 636 1786 robur
659 1723 694 1786 in
716 1723 817 1786 maria
838 1722 996 1807 proferre,
1025 1745 1094 1789 non

126 1807 181 1870 ille
203 1807 364 1871 fluitantia
386 1807 459 1871 uela
487 1811 543 1871 aut
564 1806 664 1870 oculis
687 1808 829 1890 sequitur
857 1809 913 1870 aut
933 1808 1096 1893 manibus,

89 1891 183 1954 cased
205 1912 291 1955 nuno
313 1891 538 1975 gubernaculis
567 1891 700 1972 assidet,
730 1913 817 1955 nunc
845 1912 916 1956 cum
943 1892 1094 1958 ualentis-

128 1976 208 2038 simo
230 1996 353 2059 quoquc
375 1975 531 2039 sodalium
554 1978 656 2041 certat
673 1976 823 2060 frangere
845 1975 970 2058 fluctus,
993 1977 1093 2043 domi·

126 2063 196 2124 tare
219 2064 334 2124 uentos
349 2060 543 2124 reluctantes
565 2060 723 2144 remisque
739 2063 910 2124 transnare
932 2061 1097 2126 obstantia

125 2144 219 2209 freta.
312 2197 314 2200 ,

190 2227 353 2294 LXXXII.
386 2228 549 2306 Quantum
569 2228 730 2294 dissimilis
750 2228 799 2292 illi
819 2229 958 2312 quinon
974 2231 1095 2294 Albani

89 2336 114 2376 aa
128 2315 216 2379 lacus
244 2315 346 2380 otium
368 2313 545 2398 Baianique
570 2316 733 2398 torporem
762 2315 795 2377 et
816 2311 978 2377 silentium
1000 2313 1094 2396 ferra,

127 2420 194 2462 non
223 2399 351 2480 pulsum
383 2399 491 2465 saltim
516 2400 742 2484 fragoremque
781 2418 942 2462 remorum
969 2401 1094 2483 perpeti

127 2484 254 2563 poterat
281 2483 359 2565 quin
383 2483 424 2546 ad
446 2484 591 2566 singulos
619 2484 701 2547 ictus
722 2481 810 2564 turpi
830 2481 1001 2546 formidine
1023 2482 1097 2547 hor·

127 2566 285 2628 resccrct!
330 2565 438 2647 itaque
460 2567 571 2647 procul
599 2567 640 2630 ab
668 2565 757 2629 omni
784 2586 863 2629 sono
885 2567 1095 2631 inconcussus

127 2647 196 2730 ipse
217 2650 250 2710 et
263 2648 327 2710 iam
341 2647 482 2712 inmotus
501 2649 641 2733 religato
655 2650 862 2734 reuinctoque
882 2651 1012 2735 nauigio
1026 2672 1095 2717 non

88 2752 115 2791 so
128 2752 219 2795 secus
242 2752 279 2794 ac
300 2731 462 2814 piaculum
485 2731 613 2816 aliquod
634 2733 829 2798 trahebatur.
869 2734 963 2799 foeda
984 2734 1096 2820 facies,

129 2837 200 2880 curn
222 2815 332 2899 populi
353 2815 491 2880 Romani
513 2817 688 2899 imperator
710 2817 848 2882 alienum
872 2840 997 2883 cursum
1020 2819 1096 2884 alie-

128 2922 267 2984 numque
289 2905 445 2965 rectorem
467 2902 556 2965 uelut
579 2904 672 2986 capta
693 2924 774 2967 naue
797 2906 989 2988 sequeretur.
1033 2925 1095 2968 nec

196 3123 211 3170 6
230 3123 415 3187 experimenta
426 3123 533 3186 Lipsius
545 3121 555 3188 l
569 3125 601 3174 13
617 3125 659 3174 ita
676 3127 737 3177 add
751 3125 841 3190 (lampa.¹
860 3141 907 3177 om.
919 3122 969 3190 Ill
987 3125 1019 3174 14
1037 3126 1097 3188 qui·

129 3186 189 3237 dem
208 3204 235 3254 ςε
257 3189 351 3253 quidni
368 3192 395 3237 1
415 3187 425 3254 ΙΙ
448 3192 480 3239 16
498 3190 563 3240 huic
580 3191 740 3243 Coronaeus:
757 3193 801 3242 his
818 3195 846 3240 Π
863 3208 937 3242 nunc
955 3193 1061 3257 lipsius
1081 3189 1093 3257 Η

129 3258 160 3304 19
179 3253 314 3320 manibus]
338 3257 457 3308 nauibus
474 3257 606 3310 Liuineius
630 3258 639 3324 l
664 3262 696 3310 22
714 3264 857 3311 usnsnsre
873 3262 984 3324 scripsi:
1006 3263 1096 3310 trans-

127 3321 195 3372 ferre
213 3325 240 3370 1(
259 3325 439 3375 transfretare
452 3325 597 3376 Calabaeus
616 3327 735 3378 transire
747 3328 854 3393 Lipsius
871 3327 1012 3378 transilire
1030 3326 1096 3377 Kei-

127 3392 176 3440 lius
192 3388 202 3456 ll
219 3393 252 3442 25
271 3397 391 3457 teporem
410 3408 426 3458 ς
448 3389 458 3457 ΙΙ
480 3395 513 3443 29
532 3394 614 3444 etism
632 3399 721 3445 motus
734 3397 770 3456 Π,
789 3398 903 3446 correxi.
922 3401 950 3447 et
967 3395 1097 3446 immotus

127 3459 186 3509 edd.
202 3459 344 3525 {relegato
361 3463 447 3512 reuin.
465 3460 569 3511 BVw:
590 3462 745 3528 relegatorc
762 3463 818 3513 uin.
837 3464 854 3510 (t
