2294 3780
391 155 552 208 rannac
571 158 605 207 n.
630 160 741 211 ea-cs.
1005 162 1047 226 59

143 303 261 369 LXIII.
291 302 481 369 Praeuertor
501 306 566 370 iarn
588 306 628 370 ad
649 308 846 372 consulatum
862 311 961 388 tuum,
986 314 1047 376 etsi

76 393 157 453 sunt
188 387 342 474 quaedam
375 390 415 453 ad
450 391 651 455 consulatum
684 392 811 475 quidem
840 395 1045 479 pertinentia,

79 476 157 538 ante
190 472 392 537 consulatum
424 477 551 559 tamen3
589 475 622 538 in
652 477 763 559 primis
796 476 879 560 quod
908 479 1044 543 comitiis

77 557 143 621 tuis
177 558 352 623 interfuisti
385 557 572 623 candidatus
606 580 672 623 non
705 563 888 624 consulatus
918 565 1045 627 tantum

78 641 133 705 sed
162 642 412 707 immortalitatis
440 642 537 706 etiarn
563 643 685 726 gloriae
718 646 750 708 et
776 646 927 729 exempli,
960 647 1070 731 quoda

76 730 288 810 sequerentur
331 726 469 809 rineipes
491 726 569 790 boni
614 729 691 792 mali
716 730 918 794 mirarentur.
963 731 1045 796 uidit

75 814 110 874 te
137 811 274 894 populus
346 832 459 877 manns
488 810 522 874 in
550 778 606 874 ilia
632 817 739 877 uetere
766 815 939 897 potestatis
968 837 1043 881 suae

77 895 169 959 sede:
192 915 361 979 perpessus
383 916 417 959 es
439 894 571 980 longum
587 896 667 960 illud
690 900 1044 964 carmen'comitiorum

76 1000 138 1044 nec
172 979 237 1043 iam
269 978 465 1043 irridendam
499 1001 619 1044 moram
653 981 826 1065 consulque
860 983 906 1047 sic
937 983 1042 1048 factus

76 1085 110 1126 es
136 1067 175 1127 ut
201 1085 283 1128 unus
317 1085 355 1128 ex
382 1063 474 1128 nobis
504 1085 583 1147 quos
609 1064 687 1128 facis
723 1066 876 1131 consules.
927 1074 1042 1150 quotus
1056 1089 1081 1129 ιο

73 1149 210 1231 quisque
241 1148 422 1231 principum
461 1147 718 1213 antecedentium
754 1150 908 1215 honorem
945 1152 1042 1216 istum

75 1235 134 1296 aut
148 1233 336 1296 consulatui
358 1231 472 1296 habuit
493 1235 549 1295 aut
569 1232 713 1316 populo?
742 1254 809 1297 non
831 1235 887 1297 alii
909 1235 1042 1299 marcidi

75 1336 188 1379 somno
223 1316 435 1398 hesternaque
475 1338 553 1380 cena
588 1317 803 1380 redundantes
841 1318 1042 1382 comitiorum

74 1421 203 1464 suornm
232 1401 362 1465 nuntios
389 1400 652 1484 opperiebantur,
682 1399 737 1462 alii
764 1422 842 1464 sane
867 1402 1042 1486 peruigiles

73 1487 108 1548 et
129 1485 305 1568 insomneS,
335 1484 388 1549 sed
412 1485 496 1548 intra
518 1484 637 1548 cubilia
659 1506 717 1548 sua
739 1484 803 1548 illis
826 1486 905 1568 ipsis
929 1507 1080 1550 consu-15

74 1568 158 1632 libus
180 1591 200 1632 a
237 1570 329 1633 uibus
353 1569 498 1633 consules
520 1568 788 1632 renuntiabantur
807 1569 904 1634 exilia
926 1574 959 1634 et
973 1592 1040 1634 cae-

73 1651 130 1716 des
157 1674 229 1717 mac
252 1654 435 1717 inabantur.
475 1675 494 1716 o
516 1675 616 1736 praua
644 1657 676 1716 et
698 1654 799 1717 inscia
826 1675 922 1718 uerae
945 1656 1041 1718 maie-

73 1737 168 1800 statis
181 1738 323 1817 ambitio,
336 1738 561 1819 concupiscere
573 1736 727 1801 honorem
741 1759 835 1821 quem
847 1737 1039 1822 dedigneris,

72 1820 242 1905 dedignari
273 1843 366 1905 quem
401 1821 615 1903 concupieris,
653 1843 787 1904 cumque
818 1843 856 1886 ex
883 1822 1039 1906 proximis

71 1903 174 1968 hortis
202 1927 348 1990 campum
378 1909 409 1968 et
438 1905 567 1969 comitia
594 1908 797 1989 prospectes,
832 1907 878 1970 sic
906 1906 945 1970 ab
974 1906 1038 1970 illis
1052 1927 1078 1966 ao

71 1988 192 2071 abesse,
215 1993 376 2074 tamqnam
393 1988 541 2053 Danuuio
559 1987 734 2074 Rhenoque
757 1991 920 2054 dirimarel
950 2012 1039 2054 auer-

73 2074 152 2136 seris
180 2076 217 2137 tu
238 2073 352 2138 honori
376 2077 432 2137 tuo
461 2076 589 2157 sperata
617 2074 769 2158 suffragia
797 2075 1039 2158 renuntiarique

70 2161 105 2220 te
129 2159 294 2222 consulem
319 2158 449 2222 iussisse
478 2160 649 2221 contentus
679 2158 798 2221 liberae
828 2158 969 2221 ciuitatis
997 2179 1038 2221 ne

71 2243 309 2306 simulationem
331 2242 459 2326 quidem
481 2241 611 2306 serues‘?
643 2241 806 2304 abstineas
828 2241 963 2385 deniqpe
987 2261 1038 2303 co-

73 2327 172 2390 mitiis
200 2327 365 2391 abstrusus
393 2329 487 2410 atque
515 2325 657 2402 abditus,
687 2323 778 2407 quasi
799 2323 867 2386 illic
888 2324 915 2386 ti
938 2323 949 2385 i
972 2344 1037 2386 non
1051 2341 1077 2382 es

72 2411 257 2474 consulatus
286 2411 393 2492 detur,
431 2411 484 2475 sed
515 2410 687 2493 abrogetur
715 2406 908 2491 imperium?
957 2406 1038 2471 haec

71 2496 237 2577 persuasio
271 2495 506 2579 superbissimis
535 2493 671 2557 dominis
700 2495 769 2556 erat
795 2495 832 2556 nt
859 2491 920 2555 sibi
951 2491 1038 2556 nide-

70 2582 182 2643 rentur
203 2579 364 2664 principes
387 2600 455 2643 esse
477 2578 630 2661 desinere,
654 2577 682 2641 si
703 2577 779 2662 quid
794 2577 937 2640 facerent
957 2579 1037 2641 tanr-

69 2684 167 2746 quam
195 2667 365 2728 senatores.
408 2663 489 2746 pleri
513 2684 552 2727 ue
573 2665 682 2725 tamen
709 2684 774 2726 non
797 2665 863 2725 tam
886 2661 1036 2744 superbia

69 2768 166 2829 quarn
194 2751 281 2812 metu
303 2748 439 2831 quodam
462 2685 743 2811 submorrebantrrr.
789 2766 828 2809 an
853 2748 1075 2828 stuproruma

70 2831 133 2894 sibi
152 2832 408 2914 incestarumque
428 2831 573 2894 noctium
595 2831 716 2895 conscii
739 2829 880 2912 auspicia
895 2828 1036 2911 polluere

68 2918 291 2998 sacratumque
314 2937 461 2997 campum
490 2915 614 2978 nefario
636 2914 790 2977 auderent
817 2911 1035 2976 contaminare

140 3140 152 3185 1
172 3139 294 3188 renertor
312 3150 336 3184 w
357 3134 367 3199 ΙΙ
389 3138 405 3186 5
428 3137 510 3184 etlam
532 3137 641 3198 scripsi:
667 3141 694 3185 at
711 3136 738 3183 Η
757 3135 839 3185 etiarn
862 3140 889 3184 et
906 3134 1007 3184 Keilins
1032 3132 1035 3196 Ι

69 3207 177 3254 alteram
195 3210 222 3254 et
240 3205 325 3255 onnB
349 3201 358 3267 ΙΙ
384 3199 500 3268 1211011]
519 3217 583 3251 nam
601 3216 626 3250 w
649 3201 660 3268 ΙΙ
685 3205 715 3252 13
739 3198 932 3267 redundantes]
955 3204 1037 3251 malim

69 3277 213 3323 ructantes
225 3269 236 3335 Ι
249 3272 281 3320 16
299 3271 496 3322 renuntiabant
513 3271 531 3317 0
546 3271 551 3330 Ι
567 3269 677 3320 caedem
695 3272 730 3332 H,
749 3271 857 3320 correxi
873 3267 883 3333 ΙΙ
902 3271 932 3318 17
951 3283 1037 3333 parua

67 3339 103 3387 W
115 3337 126 3403 Ι
138 3341 171 3389 20
189 3342 348 3404 perspectas
365 3337 398 3386 W
410 3335 420 3401 ΙΙ
433 3333 463 3385 ⁶21
483 3337 623 3386 dirimente
643 3337 718 3401 (terp.
738 3336 893 3386 dirimerere
906 3337 1037 3385 Liuineius

69 3404 74 3536 q
105 3409 138 3457 23
157 3405 295 3457 consulem
307 3406 352 3462 W:
373 3403 485 3454 consule
501 3405 521 3453 B
535 3408 552 3453 c
565 3405 586 3451 V
601 3403 607 3471 Ι
622 3404 748 3456 ciuitatis
760 3404 811 3453 Ἧι
830 3402 944 3453 ciuitati
952 3403 981 3448 ἱ
989 3401 1042 3446 w

79 3524 82 3537 ,
104 3475 138 3523 27
155 3469 223 3539 sibi]
240 3475 265 3523 oi
285 3473 307 3520 V
318 3471 332 3538 ΙΙ
348 3475 380 3524 98
398 3472 556 3526 desinerent
573 3474 634 3524 BV
