2294 3780
239 181 455 234 GRATIARUM
472 183 581 235 ACTIO
602 183 875 235 Halanos—12.
978 184 1040 250 253

68 334 284 416 separaretur.
328 332 402 396 inde
429 331 511 396 nihil
544 334 740 397 necessariae
769 334 1040 399 substructionum

71 418 108 481 in
136 416 268 480 aedibus
296 417 410 499 moles,
440 417 592 501 ingentes
621 417 796 482 aulicorum
825 422 971 483 cateruae
998 420 1040 483 le·

71 501 207 586 gionum
248 504 411 584 sumptum
447 500 543 565 facile
585 502 768 565 uincebani.
825 503 902 586 quin
944 505 1041 567 etiam

70 585 281 669 prandiorum
314 588 409 669 atque
437 606 586 648 cenarum
614 586 774 650 laboratas
801 609 854 651 ma
878 587 1041 651 nitudincs

70 669 273 753 respublica
296 670 464 751 sentiebat,
491 692 562 733 cum
578 671 831 753 quaesitissimae
855 608 952 754 dapes
975 693 1066 735 nona

73 758 187 837 gustu,
224 753 280 816 sed
312 752 555 817 difficultatibus
592 756 851 835 aestimarentur,
887 757 1041 820 miracula

70 839 190 921 auium,
213 838 384 921 longinqui
403 838 501 901 maris
517 839 630 922 pisces,
656 839 753 903 alieni
767 842 920 924 temporis
935 862 1040 924 poma,

73 924 215 986 aestiuas
236 922 339 1004 niues,
361 921 514 986 hibernae
536 944 635 986 rosae.
674 923 753 987 haec
777 929 892 988 cuncta
916 926 1042 989 animus

71 1006 275 1090 uoluptatum
303 1007 446 1069 omnium
473 1008 577 1070 uictor
604 1008 730 1071 abiecit.
775 1029 877 1090 neque
904 1010 1041 1074 enimsi

97 1091 234 1154 mundae
261 1093 337 1154 sunt
358 1091 536 1173 picturatae
563 1113 757 1155 marmorum
785 1096 909 1155 crustae
938 1098 970 1156 ct
993 1115 1042 1158 so·
1057 1118 1081 1156 10

71 1113 140 1239 lide
167 1196 243 1238 auro
266 1178 353 1238 tecta
374 1175 538 1258 laquearia
559 1176 613 1258 qui
636 1177 789 1239 maiorem
817 1178 896 1239 anni
916 1180 1042 1259 partem

69 1262 110 1324 in
131 1259 217 1323 nuda
236 1258 333 1323 humo
357 1260 452 1323 cubet
473 1263 506 1323 et
529 1261 616 1323 caelo
631 1264 756 1324 tantum
772 1263 915 1343 tegatur3
938 1283 1042 1343 neque

69 1344 187 1408 turbae
215 1344 402 1408 institorum
430 1365 468 1408 ac
496 1344 627 1408 deliciae
653 1345 873 1407 ministrorum
903 1345 1042 1407 coitum

70 1450 178 1512 pauca
199 1430 265 1492 sint
286 1428 512 1513 ministranda3
537 1451 639 1512 neque
654 1429 817 1512 impensus
832 1429 997 1511 epularum
1013 1429 1042 1492 ei

69 1514 130 1597 qui
151 1512 277 1597 saepius
300 1513 468 1576 statarium
489 1514 660 1596 prandium
683 1513 721 1576 ad
745 1514 967 1577 necessitatem
985 1511 1042 1576 hu·
1057 1536 1080 1574 15

71 1597 164 1660 mani
187 1598 329 1680 corporis
357 1598 463 1680 capiat
484 1597 628 1681 gaudens
657 1599 812 1662 castrensi
835 1598 920 1680 cibo,
949 1597 1041 1660 mini-

72 1681 174 1745 sterio
198 1681 293 1745 obuio
317 1685 349 1745 et
370 1682 484 1764 poculo
506 1682 650 1746 fortuitu.

139 1764 211 1829 XII.
257 1764 319 1834 Sed
346 1767 431 1829 inter
456 1765 536 1830 hacc
564 1768 674 1831 mirari
703 1767 780 1830 satis
807 1787 929 1849 nequeo
958 1766 1043 1849 quod

70 1854 144 1914 tam
166 1871 274 1915 seuere
296 1871 410 1933 parcus
432 1851 466 1914 in
489 1854 589 1914 semet
617 1852 652 1916 in
675 1852 759 1916 ciues
783 1873 856 1915 suos
878 1856 944 1915 tam
965 1851 1041 1915 libe-

71 1934 151 1998 ralis
174 1939 223 1998 est
243 1955 282 1998 ac
295 1935 457 2018 remissus,
480 1934 625 2000 laborum
642 1938 816 2020 asperrima
837 1936 898 2000 sibi
914 1957 1081 1999 sumansu

73 2022 112 2083 ut
132 2040 191 2082 nos
213 2019 329 2101 quietis
351 2020 446 2083 rebus
469 2020 637 2103 agitemm,
662 2043 733 2084 cum
756 2020 835 2083 illud
857 2042 916 2082 usu
932 2022 1042 2083 uenire

73 2103 369 2168 animaduertamus
398 2108 434 2167 ut
456 2105 510 2187 qui
532 2107 689 2167 remotam
717 2126 735 2166 a
758 2104 974 2185 uoluptatibus
997 2104 1042 2165 ui-

71 2192 143 2252 tam
170 2191 343 2271 sequantur
365 2187 513 2251 difficiles
542 2193 574 2252 et
595 2189 712 2251 morosi
735 2189 817 2268 sint,
845 2187 907 2249 sibi
929 2207 1043 2268 parum

73 2272 168 2352 laeti,
202 2272 257 2335 sed
285 2272 356 2336 aliis
383 2273 558 2355 tristiores,
591 2275 729 2335 maestas
761 2274 857 2352 atque
891 2269 1042 2333 sollicitas

74 2357 175 2421 etiam
195 2357 338 2440 priuatas
366 2356 476 2420 domos
503 2357 633 2420 faciani.
679 2359 711 2418 ot
738 2354 958 2418 sanctissimus
984 2354 1042 2416 im·
1056 2372 1081 2412 aa

73 2444 206 2524 perat-or
227 2441 372 2523 impense
395 2441 502 2504 studet
524 2445 560 2504 ut
581 2463 641 2505 nos
663 2462 721 2524 pro
742 2439 899 2522 dignitate
922 2437 1043 2502 habite-

74 2546 146 2589 mus
194 2532 231 2589 ut
261 2525 434 2589 commodis
468 2525 637 2589 affluamus
644 2574 653 2608 ,
687 2528 723 2588 ut
753 2527 874 2588 castam
906 2523 1043 2607 quidem,

75 2610 132 2674 sed
151 2575 289 2672 bilarem
313 2609 464 2673 ducamus
492 2614 643 2692 aetatem,
676 2632 747 2674 cum
775 2609 854 2673 alios
883 2609 1043 2692 principes

75 2693 167 2758 labor
188 2696 309 2776 truces,
338 2695 486 2758 remissos
516 2695 637 2758 desidia
664 2694 836 2758 reddiderit
859 2714 1044 2776 semperque

145 2969 160 3016 1
180 2974 323 3031 separetur
340 2968 373 3015 W
397 2966 401 3031 Ι
425 2966 643 3017 subtractionum
659 2965 682 3013 Δ
699 2965 732 3011 W
750 2965 965 3014 subtractionum
984 2963 1005 3009 V
1030 2962 1043 3027 l

76 3036 92 3083 2
116 3034 281 3084 auxiliorum
300 3037 388 3084 catii
417 3033 428 3099 ΙΙ
457 3036 473 3083 4
496 3033 651 3083 elaboratas
669 3046 694 3080 w
723 3030 733 3096 ΙΙ
763 3034 778 3081 9
803 3033 828 3080 01
847 3031 988 3096 parandae
1006 3046 1044 3080 w:

78 3101 237 3167 sperandae
254 3103 282 3150 11
299 3101 457 3166 §parandae
476 3101 552 3151 Bere.
576 3099 773 3164 comparandae
790 3100 849 3151 edri.
873 3097 883 3163 ΙΙ
911 3099 1046 3164 1001010-

75 3173 155 3219 ratae
174 3171 249 3219 edd.:
275 3170 380 3235 picture
398 3172 426 3217 11
455 3167 465 3234 ΙΙ
497 3172 527 3219 13
549 3170 706 3219 institorum
724 3169 830 3231 scripsi:
857 3165 1045 3216 institutorum

74 3236 103 3284 1
129 3236 134 3300 Ι
162 3251 194 3286 ac
211 3236 329 3286 deliciae
346 3239 455 3300 scripsi:
483 3237 519 3286 ad
537 3237 652 3286 delicias
669 3238 696 3283 11
723 3235 726 3296 Ι
755 3236 781 3284 ei
804 3234 849 3283 cui
867 3234 999 3283 Liuineius
1028 3231 1042 3298 ΙΙ

77 3305 110 3353 14
133 3310 198 3354 sunt
214 3306 237 3352 A
263 3306 268 3366 Ι
295 3305 433 3370 impensus
455 3307 564 3367 scripsi:
590 3311 697 3369 tempus
719 3305 747 3350 11
771 3306 892 3364 sumptus
916 3302 976 3350 Hau
997 3302 1046 3350 iius

78 3368 91 3437 ΙΙ
122 3374 154 3422 16
171 3372 321 3422 ministerio
340 3373 471 3436 Haupiius
490 3373 578 3422 Herm.
595 3372 642 3421 IV
659 3388 684 3433 p.
704 3369 956 3419 imminutioni
976 3317 994 3432 l
1012 3370 1045 3417 22

76 3438 327 3490 animaduertemus
345 3442 362 3488 0
379 3438 389 3503 ΙΙ
410 3440 443 3489 ’25
462 3441 546 3489 ctiam
562 3440 585 3488 Δ
603 3440 620 3486 0
639 3440 661 3486 V
679 3437 768 3489 Bari„-
788 3442 815 3487 et
833 3437 853 3484 B
871 3437 903 3485 W
919 3434 929 3501 ΙΙ
950 3439 984 3487 26
1001 3434 1045 3505 ut]

76 3510 108 3557 at
124 3507 149 3555 Δ
