2294 3780
266 165 478 218 THEODOSIO
498 165 666 218 AUGUSTO
685 166 719 217 D.
740 170 849 219 36-38.
980 166 1044 233 305

74 319 213 401 tyranno
227 315 378 380 funebres
392 316 504 380 nenias
527 319 560 379 et
575 336 704 380 carmen
726 315 890 400 exequiale
904 316 1042 383 dicebat.

74 400 127 466 hic
142 404 332 485 perpetuum
353 400 447 464 uictis
470 400 601 482 abitum,
624 399 678 464 ille
699 400 873 466 uictoribus
897 402 1043 467 crebrum

73 487 210 569 optabat
231 485 415 549 aduentum.
445 486 509 549 ianr
531 506 731 569 quocumque
746 485 874 550 tulisses
896 486 1042 571 gradum,

73 571 166 654 sequi
188 571 434 634 circumcursare
456 570 656 654 praecedere,
679 570 749 636 arias
770 570 906 656 denique
928 572 1043 655 quibus

73 655 230 719 ferebaris
263 654 437 718 obstruere.
484 653 592 717 nullus
621 655 768 738 cuiquam
801 656 851 720 sui
878 655 965 720 tuiue
995 676 1067 721 re·⁵

73 743 220 823 spectus:
252 737 402 803 blandam
424 738 484 802 tibi
505 738 644 802 faciebat
665 739 818 804 iniuriam
841 741 1044 806 contumacia

97 824 274 888 audiorum.
325 822 401 907 quid
434 844 494 907 ego
526 821 662 887 referam
689 845 748 906 pro
781 825 947 890 moenibus
977 826 1043 891 suis

72 846 193 973 Iestum
207 908 327 973 liberae
349 907 526 972 nobilitatis
549 928 725 990 occursum,
749 910 939 993 conspicuos
954 914 1043 975 ueste

73 995 170 1059 niuea
193 996 373 1074 senatores,
402 991 592 1056 reuerendos
613 992 802 1076 municipali
824 1015 966 1077 purpura
987 995 1043 1059 fia-

73 1079 193 1158 mines,
229 1078 375 1161 insignes
408 1077 552 1160 apicibus
581 1076 785 1141 sacerdotes?
829 1078 905 1160 quid
932 1082 1081 1162 portasse

73 1162 253 1226 uirentibus
282 1162 375 1226 sertis
402 1161 595 1225 coronatas?
639 1160 716 1245 quid
738 1161 859 1225 aulaeis
882 1164 1042 1228 undantes

73 1246 207 1395 {illd
227 1245 1042 1397 11111111Ἓηῖῗέἰῗὲᾶοΐὲξὲῡῶθῖἷώῖὲέ

71 1417 168 1480 annis
195 1354 306 1497 senes?
334 1436 449 1498 pueros
470 1415 531 1479 tibi
552 1415 684 1499 longam
711 1352 897 1479 seruitutirm
924 1437 1042 1481 uouen-

73 1503 132 1583 tes‚
148 1504 265 1565 matres
278 1501 381 1563 laetas
396 1500 601 1584 uirginesque
617 1499 767 1563 securas?
788 1500 931 1564 nondum
946 1523 1042 1566 omne
1055 1519 1080 1561 15

73 1584 257 1649 confeceras
279 1584 414 1663 bellum,
438 1585 503 1648 iam
526 1585 643 1669 agebas
666 1583 873 1667 triumphum.

137 1668 320 1766 XXXVIII
349 1668 423 1732 Ibat
436 1669 566 1732 interim
581 1667 741 1766 Illaximus
762 1690 800 1732 ao
815 1672 847 1732 te
860 1671 935 1816 post
948 1672 1041 1754 terga

71 1757 259 1902 {labb
276 1753 455 1902 blllll
470 1753 1040 1922 lltltsstllllttttllult

72 1944 178 2007 spem,
207 1943 288 2006 quae
310 1925 471 2006 postrema
498 1921 644 1986 homines
672 1922 804 2005 deserit,
832 1923 1040 2007 sequebatur:
1054 1941 1079 1983 ao

69 2007 150 2092 quin
177 2007 265 2091 ipsos
292 2007 364 2072 uiae
391 2006 575 2090 implicabat
603 2028 726 2071 errores
755 2011 787 2070 et
814 2028 901 2070 nunc
930 2007 1041 2071 dexter

70 2096 129 2157 aut
150 2092 274 2175 laeuus,
298 2113 386 2155 nunc
406 2090 554 2173 uestigiis
577 2090 642 2153 suis
665 2090 778 2154 obuius
800 2091 957 2153 incertum
979 2091 1041 2156 iter

72 2176 208 2260 ancipiti
242 2175 377 2260 ambage
406 2173 544 2238 texebat.
592 2174 739 2257 quotiens
766 2173 827 2236 sibi
855 2174 960 2256 ipsum
982 2198 1040 2258 pu·

70 2265 176 2325 tamus
199 2259 332 2324 dixisse:
370 2267 443 2343 ‘quo
466 2258 579 2342 fugio?
608 2257 767 2322 bellumne
789 2257 975 2340 temptabo?
1003 2263 1041 2324 ut

69 2367 167 2428 quem
188 2345 311 2408 uiribus
330 2346 408 2408 totis
430 2343 513 2407 ferre
535 2364 603 2407 non
619 2344 712 2426 potui
725 2345 817 2426 parte
840 2343 1040 2407 sustineam?
1053 2360 1078 2402 as

71 2429 173 2514 Alpes
196 2428 320 2495 Oottias
343 2428 514 2509 obserabo,
538 2428 613 2511 quia
633 2428 681 2492 ull
701 2426 802 2491 Iuliae
824 2426 1038 2509 profuerunt?

70 2520 147 2598 peto
156 2514 300 2578 Africam
316 2535 411 2597 quam
427 2512 581 2576 exhausi?
604 2515 714 2596 repeto
727 2511 928 2576 Britanniam
944 2533 1039 2595 quarn

70 2597 209 2682 reliqui?
233 2597 326 2662 credo
348 2620 399 2662 me
415 2596 561 2661 Galliac?
585 2597 641 2661 sed
662 2596 785 2660 inuisus
807 2617 888 2659 sum.
922 2595 1039 2680 Hispa·

69 2683 146 2748 niae
175 2683 360 2746 committo?
394 2682 449 2746 scd
477 2684 572 2746 notus
601 2703 680 2746 sum.
725 2680 800 2766 quid
823 2701 899 2765 crgo
921 2681 1040 2745 faciam

69 2769 156 2832 inter
182 2790 270 2831 arma
298 2771 331 2831 et
353 2767 426 2830 odia
454 2766 601 2831 medius?
637 2789 656 2830 a
677 2769 769 2850 tergo
792 2786 920 2849 premor
941 2765 1039 2829 hosti·
1052 2782 1079 2823 eo

74 2959 239 2966 --.--..
267 2960 277 2964 ..

140 3093 154 3140 1
178 3092 276 3141 uenias
298 3093 325 3140 11
354 3089 364 3156 ΙΙ
399 3093 415 3140 2
438 3091 562 3140 habitum
585 3091 613 3136 1
641 3086 651 3153 ΙΙ
681 3091 696 3138 3
719 3088 774 3137 iam
796 3102 905 3153 quoquo
927 3088 1002 3139 Berl.
1030 3088 1039 3153 ll

70 3161 87 3209 6
106 3160 281 3209 contumacia
300 3159 459 3224 gaudiorum
477 3158 500 3206 Δ
518 3158 606 3207 Berts
624 3172 671 3207 om.
690 3156 709 3203 ll
728 3156 746 3203 O
765 3155 786 3203 V
803 3156 836 3206 W
859 3155 869 3220 ll
899 3159 914 3206 ⁷
933 3155 1039 3220 ergoA

68 3228 79 3291 ll
109 3229 142 3276 14
159 3241 227 3276 anus
245 3241 327 3277 senes
345 3239 370 3274 w
395 3225 400 3290 Ι
429 3230 633 3289 senectutemg
661 3222 672 3289 ΙΙ
701 3225 734 3275 18
753 3222 937 3275 aduolabatc
967 3222 976 3287 ΙΙ
1006 3225 1039 3271 20

70 3298 210 3360 postremo
225 3293 300 3345 Bere,
317 3290 327 3358 ΙΙ
347 3296 379 3344 21
398 3295 458 3359 ipso
477 3308 505 3343 se
525 3309 552 3343 u.
567 3293 585 3342 i.
605 3307 696 3342 errore
710 3292 841 3342 Liuineius
862 3289 872 3355 ΙΙ
893 3291 925 3339 25
944 3286 1037 3354 queml

66 3359 143 3427 quod
159 3374 185 3409 w
213 3359 223 3426 l
253 3363 286 3412 26
305 3361 457 3412 obseruabo
475 3360 550 3411 Bert.
570 3358 714 3409 obserrabo
733 3372 757 3407 w
781 3356 785 3424 Ι
809 3357 849 3407 nil
867 3373 928 3423 eqo:
946 3374 993 3408 om.
1012 3358 1040 3406 Ι

72 3430 75 3489 l
105 3427 280 3494 profuerunt]
300 3432 450 3495 putuerunt
468 3441 492 3476 w
521 3426 531 3492 ll
561 3429 594 3478 29
612 3423 706 3493 nolus]
727 3425 878 3490 deuolnsg
907 3422 917 3490 ll
947 3427 980 3475 30
998 3426 1041 3474 in·

69 3504 116 3547 tua
134 3496 155 3544 B
172 3497 195 3544 V
867 3494 869 3501 '

121 3586 209 3627 Panno.
224 3597 277 3626 nar.
863 3577 904 3624 ‘ab
