2294 3780
281 149 536 203 CONSTANTINO
554 149 725 203 AUGUSTO
743 152 777 201 D.
796 154 871 203 2—3.
998 151 1061 217 215

156 299 217 364 111.
247 298 338 381 Quis,
355 280 429 382 bro,
451 297 663 364 Constantine
684 298 821 363 maxime
844 302 1062 383 (praesentem

89 386 182 449 enim
206 382 286 447 mihi
314 383 434 466 alloqui
455 383 566 447 uideor
587 383 656 467 qui,
685 384 747 447 etsi
774 388 948 467 conspectu
975 383 1061 468 abes,

91 468 205 533 reuelli
232 471 342 531 tamen
368 468 530 531 mentibus
556 488 622 531 nou
649 470 771 552 potes),
805 468 890 550 quis,
921 468 1061 554 inquam,

92 553 237 637 aspirare
259 552 369 615 laudes
389 555 462 615 tuas
490 551 606 615 audeat
627 552 854 635 aequiparandi
878 553 982 637 magis
1005 573 1061 700 spe

92 658 192 720 quam
217 636 325 721 gratia
351 657 419 700 non
446 635 596 699 tacendi?
640 636 710 719 quis
731 639 799 700 tam
823 639 937 719 potens
959 637 1016 700 fan
1038 637 1088 719 i,a

91 722 184 785 cuius
212 720 305 804 copia
325 723 393 784 tam
414 719 505 804 larga
524 722 654 803 tamque
675 719 753 784 felix
775 742 871 803 quae,
906 743 978 785 eum
1000 721 1062 785 uir-

93 808 181 869 tutes
195 806 268 868 tuas
286 804 515 887 attrectauerit,
537 824 603 867 non
626 806 681 867 aut
695 804 913 869 circumuenta
931 826 1063 869 numero

94 889 264 973 desperato
286 890 373 951 exitu
395 891 523 971 stupeat
544 891 638 971 atque
659 888 784 952 obterat
805 890 1063 973 magnitudinem

94 976 153 1037 aut
188 971 357 1055 splendore
397 970 595 1036 obsolefacta
630 974 759 1037 tanturn
794 974 909 1037 nitoris
944 974 1065 1037 habeat

93 1060 249 1141 quantum
271 1078 311 1120 ex
325 1076 431 1120 rerum
445 1056 517 1119 luce
539 1056 727 1140 collegerit?
750 1057 838 1119 cuius
862 1078 934 1120 cum
953 1057 1102 1120 diuinare

94 1142 200 1205 uirtus
222 1145 256 1204 et
270 1140 337 1204 eius
359 1140 575 1204 misericordia
597 1161 701 1204 comes
723 1140 947 1223 appendixque
964 1141 1064 1205 uicto-

94 1226 145 1289 ria
164 1224 277 1288 urbem
291 1222 427 1288 Romam
448 1244 516 1287 non
529 1224 797 1307 praecipitantem
814 1224 984 1307 exceperit,
1008 1224 1064 1288 sed

95 1308 253 1373 afflictam
266 1329 303 1373 ao
317 1308 414 1391 plane
431 1309 588 1371 iacentem
603 1308 750 1372 excitarit
762 1308 915 1371 recrearit
929 1307 1065 1370 erexerit

93 1413 232 1476 cumque
255 1391 338 1455 aliae
359 1390 563 1456 felicissimae
577 1395 652 1455 tuae
673 1391 762 1474 prius
784 1412 821 1455 ac
840 1391 990 1474 deinceps
1013 1412 1064 1454 ex·

96 1476 276 1560 peditiones
304 1496 371 1539 non
393 1476 500 1539 minus
526 1477 562 1539 in
583 1497 653 1539 sese
675 1476 781 1559 operis
809 1476 973 1558 amplexae
999 1475 1065 1538 sint
1078 1492 1104 1534 rt

118 1582 195 1623 uam
227 1581 265 1623 ex
297 1560 377 1656 ipsis
408 1559 556 1656 faucibus
585 1559 646 1623 fati
674 1558 778 1656 Itonia
809 1563 951 1656 seruata:
989 1558 1065 1641 quid

96 1643 1066 1811 1„cdslldblblbidabddbilld

97 1832 207 1876 rarum
230 1811 306 1876 orbe
328 1811 516 1894 primarium
538 1812 611 1875 est?
646 1811 920 1877 nobilissimorum
941 1832 1066 1895 quoque

97 1896 273 1962 Caesarum
294 1896 404 1959 laudes
427 1896 539 1978 exequi
555 1896 638 1959 uelle
660 1897 801 1961 studium
823 1897 950 1981 quidem
964 1896 1065 1978 dulce,
1078 1915 1104 1956 ao

99 1980 157 2045 sed
185 1983 218 2043 et
244 2000 319 2043 cura
350 2000 418 2043 non
445 1979 613 2044 mediocris
643 1986 707 2059 est,
744 2002 878 2063 quorum
910 1981 946 2043 in
973 1980 1067 2043 aunis

98 2063 349 2147 pubescentibus
370 2084 437 2127 non
451 2067 620 2146 erupturae
634 2064 764 2126 uirtutis
778 2067 907 2126 tumens
921 2084 1066 2146 germen,

98 2169 167 2212 non
187 2148 246 2212 flos
268 2168 454 2231 praecursor
478 2147 595 2210 indolis
616 2147 719 2210 bonae
740 2146 853 2209 laetior
874 2166 970 2227 quam
990 2145 1067 2208 ube·

98 2231 167 2296 rior
190 2234 333 2315 apparet,
356 2231 490 2295 sedium
507 2231 593 2295 faeta
606 2229 771 2314 granifera
793 2232 825 2292 et
841 2231 952 2291 contra
970 2227 1066 2290 ratio-

98 2337 175 2380 nem
196 2316 309 2402 aetatis
326 2316 537 2379 maximorum
552 2334 749 2398 quorumque
763 2313 927 2376 fructuum
941 2314 1068 2375 matura
1079 2327 1105 2369 aa

99 2400 274 2484 perceptio.
318 2420 454 2483 quorum
488 2400 568 2462 alter
605 2399 669 2461 iam
705 2395 886 2461 obterendis
922 2394 1067 2460 hostibus

101 2484 212 2568 grauis
247 2488 401 2548 terrorem
438 2487 625 2567 paternum,
665 2503 728 2565 quo
764 2502 888 2565 semper
920 2479 1070 2544 barbaria

101 2568 206 2633 omnis
242 2568 423 2651 intremuit,
466 2567 610 2631 deriuare
646 2567 686 2630 ad
718 2587 835 2631 nomen
870 2587 962 2629 suum
999 2585 1069 2629 coe·

101 2653 167 2736 pit3
204 2651 285 2716 alter
312 2652 378 2717 iam
407 2653 621 2734 consulatum,
649 2652 715 2715 iam
741 2650 982 2715 uenerationem
1009 2649 1069 2731 sui,

170 2925 188 2973 4
206 2918 321 2990 audeat]
339 2922 436 2972 ualeat
453 2924 512 2972 edd.
530 2920 541 2987 Ι
557 2924 573 2971 6
590 2926 679 2987 tamq;
697 2937 756 2986 epo:
776 2927 832 2971 tam
850 2922 877 2968 ll
892 2917 903 2983 ΙΙ
919 2922 934 2968 7
953 2924 1016 2969 tuas
1033 2918 1070 2966 A:

101 3005 151 3040 om.
170 2991 305 3052 BOVW,
327 2992 376 3039 red
390 2997 450 3053 post
468 2993 580 3041 attrect.
598 3003 623 3037 w
641 2991 715 3039 addit
740 2986 745 3050 Ι
773 2992 923 3037 attractae.
942 2987 962 3034 B
980 2987 997 3033 0
1014 2986 1037 3033 V
1061 2981 1072 3050 ΙΙ

103 3059 120 3108 8
138 3064 199 3122 atq;
217 3073 279 3122 epo:
299 3063 348 3107 aut
365 3058 393 3104 Ι
410 3057 414 3119 Ι
432 3058 575 3107 obteratur
592 3055 781 3120 magnitudine
799 3067 832 3114 v,
850 3056 909 3104 edd.
930 3051 941 3117 ΙΙ
963 3056 993 3102 11
1012 3053 1071 3101 eius

102 3126 159 3175 mia
178 3140 269 3175 eomes
286 3127 358 3175 Bert.
379 3121 389 3187 l
414 3124 446 3172 15
464 3124 520 3172 sint
537 3125 610 3173 edd:
631 3127 694 3173 sunt
710 3124 737 3171 Η
760 3120 771 3186 Ι
796 3124 827 3172 17
847 3124 1005 3186 excogitare
1022 3120 1046 3168 Δ
1063 3116 1072 3184 ΙΙ

103 3194 137 3241 21
162 3196 190 3241 et
214 3207 281 3242 cura
304 3206 360 3241 non
378 3191 599 3251 Eysseadardlas:
627 3206 682 3241 non
705 3195 732 3240 et
755 3204 822 3238 eura
844 3190 872 3236 Ι
904 3187 915 3252 ΙΙ
948 3190 982 3238 23
1003 3188 1074 3237 uber

103 3274 169 3323 app.
186 3259 220 3305 W
243 3256 253 3322 ΙΙ
277 3260 310 3307 24
328 3257 491 3323 grandifera
508 3259 548 3320 Ι,
567 3273 636 3308 corr.
655 3258 789 3307 Acidaliae
811 3254 822 3320 Ι
845 3258 878 3306 25
895 3256 1073 3304 maximorum

103 3339 272 3391 quorumque
291 3340 351 3389 epo:
378 3326 608 3387 maximorumque
627 3326 655 3372 1
675 3324 853 3373 maximorum
874 3337 982 3387 quoque
1004 3322 1073 3368 Lini-

103 3394 177 3443 παίω
194 3392 371 3442 maximorum
390 3392 598 3456 Eyssenhardtns
621 3388 631 3456 Ι
660 3393 693 3440 26
710 3387 776 3454 iam]
795 3389 890 3440 nonA
915 3386 925 3452 ΙΙ
955 3389 988 3437 27
1007 3382 1071 3450 quo]

103 3474 186 3524 quem
204 3472 229 3507 w
252 3457 263 3524 ΙΙ
286 3461 319 3510 28
337 3459 450 3509 deniare
467 3460 501 3505 W
