2294 3780
106 139 169 204 238
432 140 466 192 x.
496 138 644 191 NAZARII
662 139 743 189 aar.

106 291 171 374 ria,
195 290 420 374 insequebatur
442 292 550 353 tamen
572 288 717 352 uberiore
740 309 811 351 cum
833 286 950 384 gaudio
972 286 1077 370 ipsius

107 375 154 439 rei
181 375 320 457 fruetus,
355 373 438 457 quod
466 372 505 436 ad
533 373 676 435 animum
702 371 885 468 languidius
919 371 1079 467 accedunt

107 480 221 626 itit?
222 481 326 605 tuln
341 479 398 625 3¹3
409 460 547 605 ¹³1⁰?leAE
557 476 746 604 lacet:
761 455 1078 635 tillintttnautlbfi

82 626 241 708 sbantur,
273 629 383 689 tantae
411 646 449 688 ex
472 625 597 708 oppidis
626 624 796 688 effusiones
818 625 854 687 ut
874 623 970 687 faorle
999 626 1079 686 ante

108 710 173 773 acti
195 709 325 773 terroris
346 709 530 773 testificatio
552 709 588 772 in
607 708 770 794 praesenti
791 706 988 771 exultatione
1010 706 1080 770 elu-

108 797 203 858 ceret.
246 794 318 877 pari
340 792 444 856 studio
472 795 604 857 missum
627 792 767 856 eiusdem
789 791 921 874 tyranni
943 790 983 853 ad
1005 812 1093 874 per·-

107 877 308 941 mulcendam
332 877 477 940 Africam
500 880 610 960 caput,
642 880 794 959 utquam
820 875 958 938 maxime
982 877 1079 938 uiuus

108 961 266 1024 afflixerat
293 961 450 1025 laceratus
478 962 628 1043 expleret.
674 963 706 1023 et
727 959 867 1023 nondum
895 958 973 1022 satis
994 961 1079 1022 tom·

70 1066 97 1105 ιο
109 1046 235 1128 pestiuo
267 1046 349 1109 mari
379 1046 540 1109 affuerunt
566 1049 674 1108 tamen
708 1043 937 1127 nauigantibus
963 1042 1079 1106 felices

109 1151 203 1192 aurae
231 1132 263 1192 et
289 1130 406 1193 fluctus
438 1128 569 1192 secundi
597 1128 874 1210 beatissimamque
906 1127 1078 1190 uictoriam

108 1213 179 1296 ipsa
202 1214 297 1277 etiam
321 1214 478 1277 elementa
500 1213 658 1276 iuuerunt.
693 1215 797 1294 caput,
819 1213 853 1274 in
875 1230 937 1293 quo
960 1209 1077 1274 titulus

108 1300 216 1361 tantae
238 1297 341 1361 laudis
365 1296 656 1378 circumferebatur,
682 1295 822 1360 reddidit
842 1294 978 1375 Tiberis,
1001 1315 1078 1378 pro-

109 1381 210 1446 secuti
232 1386 307 1445 sunt
328 1382 433 1463 uenti,
460 1381 563 1445 maria
591 1383 766 1444 seruarunt.
813 1400 952 1462 quonam
979 1377 1078 1442 modo

70 1482 95 1523 rs
108 1468 156 1546 te,
185 1469 299 1547 potens
322 1466 448 1547 Africa,
482 1468 603 1547 quanto
631 1465 772 1528 laetitiae
799 1463 945 1544 Fremitu,
978 1483 1077 1546 quam

108 1548 261 1612 insolenti
283 1550 448 1632 uoluptate
470 1549 613 1613 iactastil
642 1549 689 1612 nil
711 1548 828 1631 quippe
851 1551 900 1610 ast
921 1546 1076 1610 immode-

108 1634 207 1696 ratius
230 1654 323 1716 quarn
346 1637 419 1715 post
433 1633 565 1717 longam
586 1632 752 1697 tristitiam
774 1652 884 1694 recens
907 1630 1075 1714 gaudium:

108 1716 309 1862 tiarati
331 1716 734 1882 ffdtdffl'ulidjmtiff
750 1715 1075 1863 tibitibi

70 1899 96 1940 so
110 1903 181 1945 cum
205 1881 258 1944 diu
280 1822 604 1965 intersaeptaepsunt‚
629 1849 722 1947 exitu·
738 1883 812 1947 dato
834 1904 896 1966 qno
918 1847 1074 1966 largiorci

109 1987 146 2030 eo
163 1965 331 2029 crassiores
353 1987 449 2048 aquas
466 1971 627 2048 euomunt,
650 1967 697 2031 sio
711 1971 787 2031 uota
801 1966 966 2031 hominum
987 1968 1075 2030 metu

109 2050 302 2114 interclausa
327 2050 446 2114 turbidi
478 2050 599 2134 aliquid
627 2056 775 2135 egerunt,
810 2072 881 2115 cum
912 2050 1074 2114 cumulata

107 2156 146 2198 ru
169 2136 274 2198 erunt.

146 2157 323 2284 pXXXIII.
371 2218 461 2283 Haec
489 2220 696 2283 uictoriarum
727 2218 971 2303 gratulationes.
1014 2239 1075 2282 nec

70 2318 96 2359 2⁶
108 2303 214 2365 minus
241 2305 354 2366 uberes
381 2303 505 2367 fructus
532 2303 725 2387 reliquarum
752 2303 907 2366 uirtutum
930 2301 1074 2366 fuerunt.

107 2387 294 2469 inplicatam
315 2387 443 2470 quidem
466 2390 560 2470 atque
583 2387 720 2452 obsitam
742 2387 852 2451 urbem
873 2385 1075 2471 grauissimis

108 2470 200 2532 malis
216 2470 404 2534 euoluerunt
417 2470 578 2534 indefessa
592 2473 641 2535 uis
657 2474 752 2554 atque
770 2471 886 2535 eximia
900 2470 1075 2534 fortitudo:

109 2552 164 2614 sed
187 2558 340 2635 quantum
362 2554 438 2616 boni
459 2555 629 2635 prudentia
652 2555 862 2639 excogitauit,
890 2553 1076 2639 benignitas

109 2638 142 2698 et
165 2635 335 2699 clementia
358 2637 576 2701 contulerunt!
607 2660 740 2721 quorum
764 2638 839 2723 quid
862 2639 965 2735 magis
987 2639 1076 2701 iuue-

70 2719 152 2781 arie
174 2718 312 2783 difficilis
340 2720 534 2784 existimatio
558 2724 612 2785 est
657 2743 734 2785 nam
760 2729 793 2785 et
815 2721 995 2786 calamrtate
1018 2722 1076 2786 ob·

177 2976 190 3023 l
211 2972 315 3041 tamen]
336 2979 428 3024 tnmc
453 2974 463 3041 ΙΙ
491 2976 507 3024 6
528 2975 720 3026 testificationi
736 2991 825 3041 praes.
846 2975 879 3022 W
894 2974 899 3037 Ι
914 2976 1022 3026 luceret
1037 2977 1075 3038 Π,

108 3055 177 3090 corr.
196 3043 326 3091 Acidaliae
355 3041 364 3106 ΙΙ
394 3039 520 3107 8uiuus]
539 3046 647 3094 unust'
676 3041 687 3108 ll
718 3046 749 3092 10
766 3041 868 3107 tamen]
889 3044 981 3092 tunic
1005 3040 1016 3108 ll
1043 3045 1076 3093 16

108 3106 251 3157 uoluntate
272 3109 311 3169 ii,
341 3125 409 3159 corr.
433 3111 562 3160 Acidaliae
591 3108 601 3175 ll
633 3112 663 3159 17
687 3124 782 3159 recens
804 3111 961 3160 Arntzeaias
982 3118 1077 3173 pater.-

109 3188 209 3238 repens
226 3176 254 3223 ii
282 3173 292 3238 ll
328 3177 359 3225 19
381 3178 477 3226 statim
494 3191 590 3240 purum
605 3179 730 3241 ploasema
746 3178 839 3226 seclusi
866 3174 876 3241 ll
910 3179 944 3228 20
965 3191 1025 3227 eum
1043 3183 1077 3227 ut

108 3239 185 3289 dinc
201 3240 204 3305 Ι
221 3241 267 3291 diu
285 3257 331 3291 om.
342 3241 375 3288 W
390 3241 394 3304 Ι
410 3243 563 3307 intersepte
579 3246 631 3293 AB
641 3246 671 3292 0:
691 3244 842 3308 intercepte
855 3244 888 3292 W
906 3245 1077 3310 intersaepta

108 3307 131 3354 V
150 3304 161 3372 ll
184 3311 216 3358 22
235 3308 385 3358 interclusa
403 3310 423 3357 B
440 3310 473 3358 W
488 3308 493 3374 Ι
507 3311 614 3360 turbide
631 3313 672 3376 li,
691 3327 759 3362 corr.
779 3312 911 3362 Liuineius
931 3310 942 3377 ΙΙ
963 3314 996 3364 23
1015 3327 1076 3362 eru-

107 3380 207 3439 perunt
227 3378 338 3440 Laapiaa
354 3373 364 3441 ΙΙ
381 3378 414 3427 24
431 3377 484 3427 hec
502 3376 537 3425 A:
555 3376 589 3426 he
608 3386 667 3431 ceu.
684 3375 695 3443 ΙΙ
717 3380 751 3428 26
768 3377 863 3432 urbem
881 3379 1001 3431 obsitam
1017 3379 1041 3428 Δ
1060 3378 1073 3443 ll

107 3445 142 3492 30
160 3444 318 3494 aestimatio
336 3446 394 3498 edd.
411 3443 539 3509 {obsessi
556 3445 584 3491 Π
