2294 3780
383 127 543 181 TRAIANO
562 130 596 180 D.
633 131 744 191 91—94.
1006 130 1045 194 87

78 278 203 342 animos
225 275 374 343 debilitat
392 281 424 341 et
442 276 580 362 frangit,
603 277 686 342 nihil
707 277 819 342 inuitis
843 278 1045 361 audiendum,

79 361 160 427 nihil
188 362 305 427 coactis
333 362 567 427 decernendum
601 361 671 429 erit.
705 364 815 426 manet
842 364 1046 448 manebitque

77 446 193 511 honori
227 447 390 511 ueneratio
419 467 493 529 sua,
529 466 590 511 neo
622 446 826 512 securitatem
857 448 1047 513 auctoritate

78 531 257 615 perdemus.
298 551 335 595 ac
364 531 392 594 si
419 531 494 613 quid
527 530 611 594 forte
640 552 679 594 ex
705 531 887 596 consulatus
913 532 1046 617 fastigio

80 615 179 680 fuerit
199 615 402 697 diminutum,
433 617 544 679 nostra
570 614 650 679 haec
678 615 739 679 erit
761 616 865 700 culpa,
888 638 955 682 non
977 634 1074 682 sae-⁵

78 699 154 765 culi.
191 699 267 765 licet
288 700 383 783 enim,
408 701 568 848 putantum
589 700 630 763 ad
651 699 841 783 principem,
869 701 945 766 licet
965 701 1046 766 tales

77 784 224 849 consules
246 804 341 868 agere
363 805 406 880 qu
440 804 473 848 es
495 787 570 848 ante
590 784 753 880 principes
774 787 873 849 erant.
904 786 1047 851 ullamne

79 869 139 933 tibi
160 890 221 951 pro
243 868 408 933 beneficiis
427 868 546 933 referre
566 871 705 954 gratram
720 890 831 952 parem
853 871 1045 952 possumus?

77 953 141 1017 nisi
162 958 272 1017 tamen
292 952 383 1017 illam
416 956 453 1017 ut
481 974 606 1036 semper
627 974 687 1017 nos
709 954 948 1019 meminerimus
971 976 1045 1020 con·

77 1038 163 1102 sules
177 1038 286 1110 ,fuisse
308 1040 342 1102 et
364 1037 510 1103 consules
532 1041 614 1118 tuos,
643 1058 681 1102 ea
704 1038 890 1121 sentiamus,
913 1061 951 1104 ea
974 1058 1087 1104 oen-10

78 1143 203 1186 scamus
247 1143 306 1187 uae
329 1121 550 1188 consularibus
578 1121 677 1206 digna
699 1125 784 1207 sunt,
815 1124 861 1187 ite
881 1145 1046 1189 uersemur

78 1207 113 1270 in
134 1227 170 1270 re
183 1228 237 1303 'pu
258 1206 324 1272 lica
346 1209 382 1270 ut
405 1207 570 1271 credamus
597 1227 667 1271 esse
693 1228 762 1271 rem
784 1207 955 1290 publicam,
978 1230 1046 1273 non

77 1290 247 1356 consihum
274 1292 432 1374 nostrum,
467 1312 534 1355 non
568 1310 698 1373 operam
726 1289 951 1355 subtrahamus
985 1313 1045 1356 nec

74 1375 248 1441 defunctos
262 1397 322 1442 nos
343 1378 376 1439 et
395 1376 485 1459 quasi
508 1375 655 1439 dimissos
677 1374 852 1458 considatu,
876 1375 931 1439 sed
954 1376 1045 1459 quasi

76 1461 225 1525 astrictos
260 1464 292 1524 et
324 1458 492 1526 deuinctos
524 1462 672 1544 putemus
706 1459 902 1543 eundemque
936 1458 1043 1524 locum
1059 1477 1084 1519 rs

77 1543 196 1608 laboris
219 1547 252 1608 et
273 1564 367 1609 curae
397 1564 491 1627 quem
518 1545 718 1608 reuerentiae
747 1543 975 1628 dignitatisque
997 1546 1044 1609 te·

75 1649 220 1693 neamus.-

134 1745 247 1812 XCIV.
269 1745 309 1809 In
330 1745 394 1810 fine
415 1745 569 1810 orationis
606 1746 746 1811 raesides
764 1747 971 1831 custodesque
986 1750 1044 1810 im·

76 1831 159 1914 perii
171 1831 261 1894 diuos
277 1851 338 1915 ego
357 1830 467 1894 consul
479 1851 537 1913 pro
548 1769 643 1894 relus
656 1830 805 1895 humanis
821 1853 858 1896 ac
875 1835 906 1896 te
923 1832 1043 1915 praeci-

75 1935 149 1998 pue,
160 1914 342 1998 Capitoline
348 1914 501 1998 Iuppiter,
515 1936 628 1998 precor
640 1920 676 1979 ut
686 1916 849 1981 beneficiis
860 1917 925 1981 tuis
936 1916 1044 1980 faueas
1057 1932 1084 1973 ω

75 2000 242 2082 tantisque
275 1999 461 2063 muneribus
501 2000 596 2064 addas
629 2000 894 2084 perpetuitatem·
927 2000 1044 2064 audisti

76 2105 157 2166 quae
183 2083 268 2147 malo
295 2083 434 2167 principi
467 2085 689 2166 precabamur,
724 2084 838 2149 exaudi
872 2104 954 2168 quae
985 2104 1044 2166 pro

76 2167 291 2232 dissimillimo
325 2170 485 2252 optamus.
532 2190 598 2233 non
630 2172 663 2232 to
696 2168 916 2252 distringimus
949 2167 1042 2231 uotis.

75 2272 144 2317 non
165 2251 251 2316 enim
271 2273 393 2335 pacem,
415 2273 482 2316 non
503 2252 717 2331 concordiam,
741 2273 808 2315 non
830 2250 1042 2332 securitatem,

75 2357 144 2400 non
165 2357 243 2420 opes
264 2357 403 2418 oramus,
433 2357 499 2400 non
526 2335 678 2400 honores:
708 2335 843 2419 simplex
866 2336 1043 2417 cunctaque
1056 2353 1083 2394 as

75 2420 139 2484 ista
162 2420 363 2504 complexum
385 2421 527 2484 omnium
554 2423 664 2484 uotum
686 2423 743 2503 est,
767 2418 853 2482 salus
875 2417 1039 2502 principis.

75 2526 137 2568 nec
158 2526 235 2569 uero
256 2525 340 2568 noua
366 2504 427 2568 tibi
454 2505 662 2590 iniungimus.
697 2507 733 2568 tu
762 2503 847 2568 enim
874 2503 938 2566 iam
965 2507 1044 2568 tunc

75 2589 167 2652 illum
188 2590 222 2652 in
243 2589 377 2653 tutelam
397 2589 556 2673 recepisti,
581 2611 654 2654 eum
672 2589 844 2673 praedonis
865 2587 1044 2652 auidissimi

75 2673 222 2737 faucibus
245 2673 398 2758 eripuisti.
428 2675 633 2757 nequeenim
654 2675 723 2739 sine
743 2673 861 2737 auxilio
881 2677 947 2755 tuo,
971 2694 1043 2737 cum

76 2756 234 2822 altissima
271 2779 413 2855 quaeque
453 2761 676 2841 quaterentur,
712 2759 765 2823 hic
803 2757 858 2840 qui
895 2757 1043 2821 omnibus
1056 2775 1085 2816 oo

74 2842 231 2906 excelsior
258 2848 327 2906 erat
360 2862 568 2907 mooncussus
597 2844 702 2907 stetit:
736 2841 927 2926 praeteritus
955 2844 1004 2904 est
1025 2863 1071 2922 a,

144 3111 283 3181 9tamen]
303 3117 397 3166 tumc
421 3113 431 3180 ΙΙ
456 3117 487 3165 12
506 3120 536 3164 ut
555 3114 629 3165 cred.
654 3129 714 3165 esse
738 3129 794 3164 rem
812 3128 838 3178 p.
857 3129 903 3168 om.
921 3113 954 3164 W
976 3110 987 3178 l
1013 3114 1046 3164 14

74 3178 237 3248 defunctos]
262 3184 418 3233 disiunctos
441 3184 500 3233 edd.
524 3182 666 3233 deiunctos
691 3182 841 3232 Duebaerus
864 3179 874 3246 [l
905 3182 936 3231 19
954 3177 1044 3247 diuos]

75 3247 142 3299 deos
161 3250 220 3300 edd.
248 3248 253 3314 Ι
280 3250 377 3301 consul
395 3264 431 3298 w:
455 3249 583 3300 consules
601 3251 629 3298 Ι
651 3247 662 3315 ΙΙ
686 3252 718 3299 22
736 3249 854 3315 principi
872 3250 946 3300 edd:
970 3249 1044 3313 prin·

74 3316 135 3380 cipe
152 3318 179 3365 1
197 3333 246 3382 pro
265 3318 337 3368 malo
356 3319 480 3383 principe
498 3331 522 3365 w
545 3315 555 3382 ll
583 3319 617 3367 26
634 3331 717 3367 unum
736 3317 854 3368 omnium
873 3316 1018 3366 Catanoeur
1029 3312 1043 3381 ΙΙ

75 3384 108 3432 26
127 3383 228 3435 uotuO
245 3381 256 3451 ΙΙ
272 3388 305 3436 2⁷
325 3401 399 3436 noua
416 3399 453 3434 w:
472 3400 572 3435 nouam
589 3387 617 3434 Ι
630 3382 634 3450 Ι
649 3385 705 3435 iam
723 3401 769 3436 orn.
788 3385 805 3431 0
829 3381 839 3448 lt
867 3385 898 3434 31
917 3387 1045 3448 praeter·

74 3451 130 3502 itus
149 3466 179 3517 ςε
197 3454 362 3518 perterritus
379 3455 407 3502 lt
