2294 3780
394 131 553 184 TRAIANO
572 133 605 187 D.
626 135 700 184 1-3.
1007 132 1028 196 3

60 285 129 345 tam
155 281 351 347 senatorium
374 303 470 365 quarn
491 281 570 345 illud
592 281 735 345 additum
759 281 890 345 anobis
914 285 970 365 opt
971 281 1028 345 imi

62 367 264 451 cognomen?
287 366 371 449 quod
392 365 551 463 peculiare
572 366 722 430 huiust
690 368 722 430 et
749 366 912 449 proprium
941 388 1027 429 arro-

61 419 175 535 gantis
208 451 351 533 priorum
383 451 565 534 principum
602 450 689 514 fecit.
735 451 898 514 enimuero
932 472 1027 533 quam

62 556 239 613 commune,
263 556 359 618 quam
381 556 541 632 exaequo
563 536 674 632 quod·
669 534 780 599 felices
802 556 871 616 nos,
899 535 1027 598 felicem

60 620 151 683 illum
166 619 386 716 praedicamus
401 619 446 682 alt
432 620 609 716 ternisque
609 622 664 682 uot
665 620 692 683 is
650 618 800 683 t‘haec
821 620 926 701 faciat,
949 618 1053 683 haecs

62 703 194 785 audiat’,
217 704 309 786 quasi
327 726 392 767 non
411 702 477 767 dict
463 704 527 767 turi
548 703 610 767 nisr
603 703 738 768 fecerit
725 705 1025 787 tcompreoamur!

61 788 102 851 ad
125 810 206 871 quas
227 788 282 851 ille
304 809 398 852 uoces
420 787 559 851 lacrimis
590 788 686 851 etiam
715 809 752 852 ac
779 788 880 852 multo
907 788 1027 886 pudore

61 871 219 935 suffundit
205 875 266 936 t.ur
306 873 453 956 agnoscit
468 873 553 935 enim
577 873 735 955 sentitque
759 873 829 956 sibi,
852 894 917 937 non
940 874 1028 956 prin·

61 957 125 1039 cipi
148 957 222 1019 dici.

124 1039 185 1104 III.
228 1040 333 1125 Igitur
358 1040 441 1123 quod
466 1043 752 1123 temperamentum
779 1062 889 1105 omnes
915 1041 949 1105 in
970 1041 1026 1105 illo
1042 1060 1067 1098 ιο

61 1125 168 1188 subito
190 1126 257 1208 piet
243 1125 320 1188 attis
343 1124 447 1188 calore
470 1145 650 1206 seruamus,
679 1124 740 1190 hoo
762 1126 882 1211 singuli
904 1147 1027 1209 quoque

60 1208 298 1306 meditatiquet
300 1230 450 1272 eneamus
472 1209 669 1292 sciamusque
692 1209 814 1273 nullum
836 1231 904 1274 esse
925 1232 1027 1293 neque

60 1293 217 1357 sincerius
250 1314 353 1375 nsque
388 1293 603 1390 aeceptius
584 1315 685 1356 oenus
719 1294 897 1377 gratiarum
931 1315 1027 1376 quam

60 1399 123 1461 quo
158 1377 232 1441 illas
264 1377 428 1441 acclamat
405 1383 508 1441 tiones
543 1377 737 1440 aemulemur
769 1399 848 1461 quae
879 1377 1027 1474 tingendi

60 1482 129 1526 non
150 1461 271 1525 habent
257 1466 433 1609 ttempus.
471 1464 626 1546 quantum
572 1461 695 1525 umad
725 1483 776 1525 me
803 1462 953 1545 pertinet,
982 1463 1065 1525 la-15

61 1545 182 1610 borabo
205 1550 241 1610 ut
262 1547 438 1610 orationem
461 1568 562 1610 meam
587 1545 626 1609 ad
654 1545 787 1610 modest
764 1550 844 1610 tram
870 1547 1026 1631 principis

61 1630 375 1727 moderationemque
396 1631 530 1694 submitt
516 1634 594 1712 tam,
615 1652 676 1695 nec
698 1632 803 1695 minus
820 1631 1027 1696 considerabo

81 1715 137 1778 uid
166 1737 258 1778 aures
286 1715 353 1778 eius
380 1715 449 1798 pati
478 1715 603 1811 possint
630 1736 726 1813 quam
743 1715 849 1813 quid
847 1716 1026 1780 uirtutibus

60 1736 175 1863 debeat
161 1802 222 1863 tur
259 1821 379 1884 magna
406 1803 438 1862 et
465 1799 620 1863 inusitata
647 1800 803 1884 principis
831 1800 1027 1884 gloriamsi

59 1883 184 1981 gratias
207 1886 335 1947 acturus
357 1904 423 1947 non
450 1887 515 1947 tam
537 1905 649 1948 uereor
675 1905 789 1948 neme
816 1885 851 1948 in
879 1885 1026 1949 laudibus
1039 1901 1065 1942 20

59 1968 126 2031 suis
149 1989 280 2051 parcum
302 1989 399 2050 quam
421 1989 462 2031 ne
484 1968 617 2032 nimium
639 1971 740 2052 putet.
771 1967 850 2033 haec
865 1991 916 2033 me
939 1992 1025 2067 cura,

58 2051 139 2116 haec
155 2051 327 2116 difficultas
349 2053 418 2116 sola
433 2053 632 2117 circumstat·
655 2074 730 2116 nam
745 2053 881 2150 merenti
903 2054 1026 2138 gratias

59 2157 156 2221 agere
178 2137 271 2200 facile
294 2140 341 2200 est
341 2140 486 2220 ,patres
515 2138 697 2220 conscripti.
735 2159 801 2201 non
829 2138 915 2202 enim
945 2139 1027 2220 peri-

60 2219 237 2286 culumt
189 2225 237 2284 est
251 2242 303 2304 ne,
328 2242 399 2284 cum
421 2221 533 2304 loquar
548 2221 587 2285 de
606 2221 818 2302 humanitate
776 2221 1027 2303 texprobrari

60 2306 123 2369 sibi
144 2271 328 2389 superbialn
351 2305 470 2384 credat,
494 2327 565 2369 cum
579 2306 617 2368 de
639 2304 808 2388 frugalitat
775 2326 835 2383 ae,
857 2305 1025 2387 luxuriam,
1039 2323 1065 2362 ιι

60 2411 132 2453 cum
154 2389 193 2453 de
210 2390 357 2453 clement
334 2393 392 2470 ιιι,
415 2389 550 2454 crudelit
536 2393 585 2453 ιιι
586 2411 648 2470 em,
672 2410 744 2452 cum
759 2389 797 2452 de
819 2389 1015 2454 liberalitate

60 2473 239 2556 auaritiam,
275 2495 345 2537 cum
380 2474 419 2537 de
452 2473 664 2558 benignitate,
702 2473 847 2556 liuorem,
879 2494 950 2538 cum
986 2412 1025 2538 dee

61 2579 121 2622 con
123 2523 270 2629 tinentia,
294 2558 471 2639 libidinem,
495 2581 566 2623 cum
579 2558 618 2622 de
634 2558 754 2641 labore,
777 2523 937 2642 inertiam,
953 2581 1025 2624 cum

59 2643 98 2706 de
120 2641 321 2725 fortitudine,
345 2605 500 2707 timorein.
539 2663 639 2706 acne
661 2643 738 2705 illud
763 2643 890 2726 quidem
913 2665 1027 2707 uereor

58 2747 100 2790 ne
122 2730 235 2811 gratus
257 2693 444 2824 ingratusne
466 2726 585 2823 uidear,
608 2728 704 2810 prout
726 2728 804 2791 satis
827 2733 882 2791 ιιιι
911 2749 1024 2811 parum
1037 2747 1064 2787 ao

58 2811 178 2875 dixero.
221 2811 441 2876 animaduerto
483 2811 570 2876 enim
605 2811 703 2874 etiam
738 2812 854 2875 deos
843 2833 932 2909 ipsos
959 2833 1025 2876 non

57 2899 126 2959 tam
148 2896 308 2959 accuratis
331 2895 529 2960 adorantium
553 2895 701 2979 precibus
723 2917 819 2992 quam
840 2897 1026 2960 innocentia

57 2984 91 3043 et
125 2980 297 3044 sanctitate
334 2980 446 3044 laetari
483 2981 718 3064 gratioremque
758 2980 933 3045 existimari
971 2983 1025 3079 qui

57 3064 199 3128 delubris
222 3085 331 3128 eorum
352 3086 464 3161 puram
487 3067 671 3146 castamque
693 3067 834 3128 mentem
853 3088 949 3149 quam
971 3067 1025 3149 qui

56 3147 159 3212 rnedit
145 3151 248 3212 tatum
272 3170 400 3212 carmen
422 3148 580 3212 intulerit.
1036 3170 1062 3209 ιι

126 3322 142 3370 5
160 3319 358 3385 alteriusquec
375 3316 387 3386 ll
402 3321 418 3370 6
436 3323 513 3371 nost}
531 3318 541 3386 ΙΙ
559 3323 573 3370 7
591 3319 696 3386 pudore
715 3320 801 3370 multo
819 3321 852 3370 W
868 3318 878 3384 ΙΙ
895 3325 911 3372 8
930 3323 1025 3371 sentit-

56 3402 108 3452 que
127 3403 175 3440 om.
192 3388 235 3450 W,
253 3391 314 3438 add
334 3400 358 3435 w
376 3404 456 3453 marg.
473 3384 483 3451 ΙΙ
507 3387 874 3452 14quoccr1'pstrquod1
895 3387 904 3453 l
930 3391 962 3439 14
980 3405 1025 3438 ae·

55 3455 177 3506 mutetur
198 3455 272 3521 Cacp.
298 3453 308 3521 ΙΙ
332 3457 365 3506 22
384 3456 598 3506 circumstante
622 3452 632 3519 ΙΙ
656 3457 690 3505 24
709 3455 854 3519 exprobari
871 3457 911 3507 W.

879 3540 911 3588 q*
