2294 3780
100 149 161 215 150
417 155 462 206 vr.
492 151 645 205 rucnurr
662 152 742 204 rau.

97 302 233 366 caelibes
261 305 471 386 notauerunt,
499 304 649 384 parentes
677 303 825 386 praemiis
854 303 1065 386 honorarunt,

97 407 171 450 uere
199 387 348 451 dicuntur
381 407 449 450 esse
476 385 686 450 fundamenta
714 387 761 450 rei
789 387 950 470 publicae,
988 388 1066 472 quia

96 471 302 535 seminarium
330 471 505 534 iuuentutis
534 473 566 533 et
593 471 682 553 quasi
704 471 827 535 fontem
851 471 986 535 humani
1014 493 1065 536 ro·

96 556 182 619 boris
198 576 323 637 semper
338 553 493 618 Romanis
507 555 699 619 exercitibus
714 555 957 621 ministrarunt:
979 557 1066 640 quod

70 638 170 702 shuic
186 642 292 703 uestro
307 639 342 702 in
355 660 423 702 rem
438 639 599 722 publicam
617 640 730 703 merito
745 661 912 722 possumus
930 639 1066 725 dignum

95 744 215 787 nomen
250 723 431 787 ascribere?
475 724 528 806 qui
561 745 627 788 non
656 744 716 805 per
741 724 867 806 plebeia
903 725 1063 809 germina,

95 807 152 872 sed
173 807 379 891 imperatoria
401 808 534 891 stirpem
556 809 602 871 rei
624 807 769 890 publicae
792 811 988 893 propagatis
1016 812 1064 892 ut,

96 892 181 975 quod
203 892 372 956 millesimo
395 913 479 956 anno
501 896 574 975 post
596 893 707 956 urbem
731 893 891 956 conditam
918 893 1065 959 euenisse

95 974 226 1039 tandem
255 977 511 1060 gratulabamur,
541 998 582 1040 ne
610 977 782 1060 mutatoria
809 999 867 1060 per
893 997 995 1042 nouas
1016 977 1065 1041 fa-

57 1076 83 1115 10
96 1060 202 1124 milias
226 1062 402 1126 communis
425 1061 536 1125 salutis
559 1060 777 1144 gubernacula
795 1061 1006 1144 traderentur,
1030 1061 1066 1126 id

96 1144 170 1208 exin
197 1146 344 1209 omnibus
374 1145 467 1209 duret
493 1145 665 1228 aetatibus,
700 1146 908 1228 imperatores
937 1166 1065 1230 semper

95 1228 248 1294 Herculii.

159 1313 218 1378 Ill.
268 1312 443 1390 Quemnam
476 1315 575 1400 igitur
606 1315 770 1397 utriusque
801 1317 944 1378 uestrum
972 1335 1066 1399 prse-

96 1400 180 1463 conii
203 1421 240 1463 ac
262 1400 477 1464 uenerationis
500 1399 644 1464 ordinem
666 1398 807 1462 faciam?
849 1398 953 1462 adhuc
976 1399 1065 1464 enirn

56 1494 81 1537 15
95 1482 133 1546 de
157 1484 321 1546 amborum
349 1485 384 1546 in
405 1484 489 1548 hanc
514 1483 784 1548 necessitudinem
812 1483 1064 1566 congruentibus

95 1567 180 1630 uotis
205 1567 415 1631 communiter
437 1568 512 1631 dixi.
556 1570 588 1631 et
610 1570 642 1630 te
664 1567 791 1650 quidem
815 1567 933 1649 sentio,
957 1569 1065 1631 senior

94 1653 257 1734 Anguste,
280 1651 445 1715 maiestate
468 1651 670 1734 praeoedere,
693 1654 725 1716 te
748 1651 852 1734 sequi,
875 1651 982 1715 iunior
1004 1651 1064 1715 im·

94 1739 231 1818 perator.
269 1735 324 1798 sed
346 1737 491 1818 profecto
514 1736 596 1799 sicut
618 1738 683 1814 luc,
708 1735 929 1818 Constantine,
952 1755 1064 1800 socero

95 1822 169 1882 ante
192 1820 241 1880 est
263 1819 433 1884 conciliata
448 1819 600 1883 diuinitas
623 1841 718 1902 qnam
741 1820 836 1884 abeo
858 1823 977 1903 pignus
1000 1819 1065 1903 ipsi

56 1917 81 1958 20
95 1902 294 1966 carissimum
316 1903 505 1985 postulares,
529 1904 576 1967 ita
597 1925 683 1967 nunc
706 1925 829 1988 quoque
852 1905 886 1967 in
907 1904 968 1968 hao
991 1925 1064 1989 gra-

94 1986 249 2050 tulatione
283 1987 371 2070 prius
399 1988 455 2052 illa
488 1986 622 2052 dicenda
651 1992 740 2052 sunt
757 2009 837 2072 quae
865 1989 899 2051 in
928 1992 960 2052 te
989 2008 1066 2053 eon·

95 2071 237 2135 siderans
260 2073 369 2136 tantus
391 2073 452 2137 iste
475 2076 507 2136 et
528 2073 653 2155 paterni
678 2075 711 2136 et
731 2075 778 2136 tui
802 2076 913 2136 auctor
935 2072 1065 2156 imperii

95 2155 232 2221 laetatus
261 2161 310 2221 est
336 2158 420 2241 quod
448 2158 569 2243 petisti.
615 2179 633 2221 o
657 2157 801 2220 diuinum
824 2159 914 2220 tunm
921 2206 930 2238 ,
961 2156 1065 2221 Maxi·

94 2242 215 2325 miane,
244 2242 413 2324 indicium,
443 2243 497 2326 qui
519 2242 606 2306 huno
628 2241 688 2304 tibi
710 2240 778 2304 iure
804 2240 986 2323 adoptionis
1009 2262 1063 2304 ne-

56 2337 81 2378 2⁵
96 2330 217 2408 potem,
241 2328 418 2392 maiestatis
441 2327 553 2391 ordine
574 2326 676 2390 filium
698 2325 795 2388 etiam
817 2346 972 2409 generum
995 2346 1065 2390 esse

95 2411 240 2474 uoluisti!
285 2412 367 2495 diui,
391 2413 536 2495 inquam,
561 2409 744 2476 Constantii
766 2409 883 2491 filium,
912 2409 946 2472 in
969 2430 1064 2493 quern

96 2514 129 2556 se
152 2495 255 2576 prima
276 2495 362 2558 illius
385 2497 516 2560 iuuenta
537 2493 721 2575 transfudit,
748 2492 783 2557 in
806 2494 893 2557 cuius
916 2514 970 2557 ore
994 2515 1064 2558 cae·
1113 2564 1116 2568 ,

95 2577 191 2640 lestes
219 2577 305 2641 illius
332 2579 440 2642 uultus
471 2582 588 2642 natura
620 2577 778 2662 signauit,
813 2577 867 2661 qui
898 2580 1064 2660 aspectum

96 2660 182 2724 illius
205 2661 244 2724 ad
268 2661 401 2726 deorum
424 2662 559 2727 concilia
581 2660 728 2725 translati
756 2661 858 2726 adhuc
881 2660 1063 2727 desideran-

57 2763 83 2803 so
96 2745 182 2809 tibus
204 2745 298 2810 nobis
320 2747 440 2811 sufficit
460 2768 518 2831 pro
542 2746 673 2810 duobus.
719 2767 822 2831 neque
851 2747 936 2811 enim
958 2747 1064 2813 forma

164 2937 179 2985 3
198 2934 304 2985 roboris
319 2935 455 2985 Gruterus:
474 2936 596 3000 eorporis
614 2933 692 3000 11116
711 2951 810 2986 nomen
827 2936 937 3001 dignum
955 2934 1028 3003 Bllb
1046 2953 1064 3002 p

96 3003 201 3052 addidi:
220 3018 266 3052 om.
278 3002 324 3066 111
341 3002 446 3067 plebeio
465 3006 585 3069 germine
599 3005 734 3054 Acidaliae
746 3001 784 3069 117
802 3003 982 3068 imperatoria
1001 3005 1066 3055 stir-

96 3083 159 3133 pem
176 3071 285 3133 scripsi:
308 3071 489 3134 imperatoris
507 3072 592 3135 stirpe
609 3073 636 3119 ll
654 3072 860 3136 imperatoriam
880 3071 994 3134 stirpem
1014 3085 1039 3120 w
1058 3070 1062 3137 1

96 3152 181 3253 ultr
192 3135 698 3272 ‘llllllttjtlstillat?l
709 3136 938 3256 {titillet
951 3141 1066 3256 tir-{ili

96 3221 151 3320 ²All
164 3240 187 3318 V¹
204 3271 326 3322 herculei
343 3273 360 3320 (l
377 3269 387 3336 l
410 3274 441 3321 13
461 3270 616 3340 quemnam]
637 3277 754 3338 quemne
772 3271 795 3321 Δ
814 3260 892 3338 quem
912 3239 986 3322 liert.
1002 3269 1013 3338 1
1033 3273 1065 3322 16

97 3339 172 3389 notis
190 3339 308 3388 loretus:
326 3339 406 3388 uobis
424 3341 451 3387 ll
474 3337 484 3406 11
514 3343 546 3392 19
565 3348 629 3391 ante
648 3348 675 3392 te
694 3356 718 3394 c.
737 3341 837 3390 ciuitas
855 3339 932 3390 Bert.
955 3337 960 3404 1
983 3354 1066 3404 quam

96 3407 242 3456 Puteanus:
262 3422 322 3455 cum
340 3408 367 3454 ll
396 3404 406 3472 11
436 3409 469 3458 20
486 3409 641 3473 postulares
659 3408 698 3457 ita
715 3410 746 3457 σε
768 3407 907 3472 postulare
927 3407 964 3458 sil
983 3422 1020 3459 sn
1037 3407 1066 3457 Π

62 3492 73 3507 =
96 3472 246 3539 postulasti
264 3475 305 3524 ita
322 3487 347 3522 w
368 3471 378 3538 l
400 3476 432 3525 26
451 3475 508 3526 diui
524 3477 610 3525 Bcv
622 3489 660 3526 w:
680 3474 767 3525 diuini
784 3475 807 3524 A
822 3473 826 3541 1
843 3474 989 3528 Constanti
1006 3476 1029 3525 A

688 3736 715 3748 fi
